Timestamp,Amount,Price,Direction
1499388195,0.14475882,182116.71,buy
1499392223,0.9592,182165.0,buy
1499392223,2.883443662,182166.67,buy
1499392268,0.4133,177678.7,sell
1499405538,0.2528,178493.59,sell
1499406033,1.008064516,182746.44,buy
1499422648,8.40288926,178000.49,buy
1499422648,0.49711074,178298.03,buy
1499426158,0.7213,177015.0,sell
1499426158,1.1,177000.0,sell
1499430096,0.0182,173000.0,sell
1499430096,3.41440181,169823.8,sell
1499430096,1.90346063,169590.44,sell
1499430096,3.74644297,168919.8,sell
1499430096,0.91749459,167987.37,sell
1499433644,0.2797,168360.0,sell
1499433722,0.24798387,187900.0,buy
1499435624,0.5,169000.0,sell
1499435624,0.0555,167990.0,sell
1499436739,1.8542442,169000.42,buy
1499436763,3.291,169253.92,buy
1499436988,0.9,166401.25,buy
1499437064,1.06297271,166401.25,buy
1499437064,3.86978994,166650.85,buy
1499437064,7.06723735,166876.47,buy
1499437077,0.70997627,166876.47,buy
1499438521,1.99262321,168336.82,buy
1499438521,2.75737679,168589.32,buy
1499439605,0.302419354,168510.48,buy
1499439724,3.0195,168510.48,buy
1499440275,0.117828834,169737.74,buy
1499440328,1.89613174,167831.61,buy
1499440328,1.12336826,168083.35,buy
1499440349,2.73041303,168083.35,buy
1499440349,0.28908697,168549.25,buy
1499440674,0.0596,166001.0,sell
1499442238,0.070564516,168845.03,buy
1499443756,0.0107,168696.05,buy
1499444561,0.450876008,169359.2,buy
1499444651,1.0,169359.2,buy
1499444691,0.0551,169900.0,buy
1499445681,0.460969776,173547.17,buy
1499446040,0.863632488,173684.99,buy
1499447916,0.146196223,171003.05,buy
1499448135,1.0,171003.05,buy
1499448176,0.802776307,171003.05,buy
1499448202,5.26555458,172780.78,buy
1499448235,6.0,173203.3,buy
1499449054,0.288141673,173525.75,buy
1499449194,0.115256669,173525.75,buy
1499450112,0.222897972,175183.29,buy
1499455757,0.290320949,172223.19,buy
1499456167,0.2,170000.0,sell
1499456167,1.0746,168000.0,sell
1499456512,0.194831412,184770.0,buy
1499458358,3.0195,170608.05,buy
1499458435,0.119164367,184770.0,buy
1499458802,1.91571762,170207.0,buy
1499458802,1.10378238,170462.31,buy
1499459529,0.15,168000.0,sell
1499459605,0.156,170826.2,buy
1499461802,0.293687861,170248.78,buy
1499461867,0.058737572,170248.78,buy
1499461878,1.621290017,170248.78,buy
1499461878,1.398209983,170504.15,buy
1499461905,2.103521157,170504.15,buy
1499461905,5.951606115,171823.32,buy
1499461905,1.850782318,172206.2,buy
1499465453,0.175953884,170499.22,buy
1499465942,1.0,170499.22,buy
1499468150,0.24,169314.97,buy
1499470060,1.713709677,169683.18,buy
1499470292,2.0,169683.18,buy
1499471635,0.2233,169683.18,buy
1499473142,0.037,168100.0,sell
1499473778,0.25,168100.0,sell
1499475752,0.713,168100.0,sell
1499476617,0.287,168100.0,sell
1499477263,0.1281,168100.0,sell
1499481134,0.182,169050.0,buy
1499481877,0.592411236,168801.66,buy
1499482317,0.5348,168800.0,buy
1499482317,7.773318024,168801.66,buy
1499482317,0.9955,169180.0,buy
1499482317,8.09732899,169251.85,buy
1499482317,0.345736091,169696.4,buy
1499483738,1.0,167500.0,sell
1499483738,0.5644,167400.0,sell
1499489580,0.01,167400.0,sell
1499491572,0.118609998,168619.85,buy
1499494976,0.01,169133.53,buy
1499495372,0.01,167400.0,sell
1499504780,8.14507238,168888.33,buy
1499504780,1.915289792,169206.74,buy
1499504787,5.775505498,169206.74,buy
1499504787,4.284856674,169472.58,buy
1499504805,2.308850646,169472.58,buy
1499504805,1.715294222,169515.84,buy
1499504825,1.006036217,169515.84,buy
1499504830,0.649984051,169515.84,buy
1499504830,0.356052165,169693.07,buy
1499507789,1.006036217,168439.67,buy
1499507801,1.006036217,168439.67,buy
1499507809,1.006036217,168439.67,buy
1499507858,0.296842187,168439.67,buy
1499507868,0.118736875,168439.67,buy
1499533345,1.79608582,168775.94,buy
1499535509,0.2965,168848.13,buy
1499535515,1.6634,168848.13,buy
1499536256,0.022379032,168848.13,buy
1499538112,0.115927419,168848.13,buy
1499539452,0.1008,169411.43,buy
1499541053,0.148349103,168521.41,buy
1499546121,0.2642,167400.0,sell
1499549594,0.0277932,168737.16,buy
1499550294,8.44617202,169331.18,buy
1499550294,3.356826199,169743.59,buy
1499550491,1.89175379,167954.16,buy
1499550686,3.79406352,168206.09,buy
1499550686,0.25593648,168208.59,buy
1499550846,0.0174211,168208.59,buy
1499551095,0.0175218,168208.59,buy
1499551302,3.349216,168208.59,buy
1499551397,0.0115805,168466.77,buy
1499553806,0.146995797,170072.89,buy
1499553818,2.585,168208.59,sell
1499554001,0.005784,168208.59,sell
1499554021,0.0116812,167715.91,buy
1499554109,0.1240624,167715.91,buy
1499554443,0.0234631,168410.6,buy
1499554782,0.0262827,168410.6,buy
1499562493,1.1904,168008.02,buy
1499566224,0.1514,167400.0,sell
1499566224,0.8958,167300.0,sell
1499568943,1.1042,167300.0,sell
1499568943,0.6,165500.0,sell
1499568943,0.8858,165145.26,sell
1499580091,0.22061626,171030.0,buy
1499596245,0.2053,165800.0,sell
1499605719,0.90967585,167421.26,buy
1499606468,0.298740659,167369.25,buy
1499610659,1.1203281,165380.05,buy
1499610861,3.35382909,165628.12,buy
1499610861,9.01065121,165845.74,buy
1499610861,2.726062958,165891.66,buy
1499610879,5.238214302,165891.66,buy
1499610880,3.37813173,167042.06,buy
1499610880,5.468161009,167362.01,buy
1499610895,0.597507164,167362.01,buy
1499610920,0.298753582,167362.01,buy
1499619314,1.0,162500.0,sell
1499630422,8.4248069,168587.27,buy
1499630422,0.7051931,168986.81,buy
1499633196,1.86741438,165875.63,buy
1499633196,1.141750639,166622.6,buy
1499642621,2.03454508,165010.95,buy
1499642621,4.013842016,165124.38,buy
1499642903,1.8177,164020.75,buy
1499642922,3.748,164266.78,buy
1499643337,1.135,164019.99,buy
1499643804,0.304514525,164195.78,buy
1499644852,1.7651,164195.78,buy
1499644906,1.1455e-05,164195.78,buy
1499644906,4.198588545,165124.38,buy
1499645070,3.0,165258.46,buy
1499645309,3.092080177,165384.13,buy
1499647983,1.219363864,164019.95,buy
1499655530,1.0,164262.62,buy
1499659404,2.44053488,164262.62,buy
1499659404,3.73156396,164264.93,buy
1499659404,5.837648347,165260.96,buy
1499659404,3.080796071,165396.92,buy
1499659411,0.677877164,165396.92,buy
1499659411,8.19689008,166228.85,buy
1499659411,6.215776014,166235.62,buy
1499663826,0.1547,174019.0,buy
1499663826,4.0,175000.0,buy
1499663826,1.428218111,180000.0,buy
1499666612,1.0,164582.37,buy
1499666707,0.18,164582.37,buy
1499673025,8.96,163100.0,sell
1499673025,0.013,162362.0,sell
1499673025,0.054,161800.0,sell
1499673025,1.0,160000.0,sell
1499673025,3.58957084,159387.12,sell
1499673025,3.72747306,159001.34,sell
1499673025,1.01,158000.0,sell
1499673025,9.12482144,157746.03,sell
1499673025,1.81503466,157744.16,sell
1499675192,1.85667605,161969.85,buy
1499675192,3.55534733,162212.8,buy
1499675245,1.85923986,161970.65,buy
1499678471,3.84379519,160653.23,buy
1499678471,8.62926588,160891.96,buy
1499678471,1.129852046,160999.85,buy
1499686978,2.17720991,160277.04,buy
1499686978,2.07279009,160852.74,buy
1499687231,0.42,159829.23,buy
1499687252,1.6632,159829.23,buy
1499688259,8.8275,156980.86,buy
1499689015,3.0,157244.24,buy
1499689045,0.7152,157244.24,buy
1499689079,6.86e-06,157244.24,buy
1499689079,2.29409314,157498.09,buy
1499689236,0.5,156603.23,buy
1499690080,1.01,155000.0,sell
1499691147,2.11963677,152941.61,buy
1499691147,0.89986323,153171.02,buy
1499691367,2.01470981,152302.4,buy
1499691367,1.00479019,153120.75,buy
1499691409,3.0195,153120.75,buy
1499691979,1.9,152129.0,buy
1499692011,0.06347257,152129.0,buy
1499692011,3.83227304,152357.19,buy
1499692011,2.14155439,152807.72,buy
1499692108,0.0472,152807.72,buy
1499692301,2.11154858,154222.51,buy
1499692301,3.7303226,154453.84,buy
1499692301,0.19542882,154762.18,buy
1499692551,3.0195,154762.18,buy
1499692616,1.51007,154762.18,buy
1499692848,0.0871,153011.64,buy
1499693451,1.0,168990.0,buy
1499693451,0.4975,169000.0,buy
1499693451,3.5025,180000.0,buy
1499693993,2.01816522,151051.33,buy
1499693993,0.98083478,151277.9,buy
1499694055,1.0,151277.9,buy
1499694064,1.0,150000.0,sell
1499694078,0.01,150000.0,sell
1499694078,0.99,147500.0,sell
1499694161,0.15,150100.0,sell
1499694318,1.5101,150469.12,buy
1499694457,0.1,147501.0,sell
1499694457,0.9,147500.0,sell
1499694520,2.16413552,149141.59,buy
1499694520,0.85806448,149365.3,buy
1499694611,3.0222,149365.3,buy
1499694688,0.46449054,149365.3,buy
1499694688,1.02695946,149680.0,buy
1499694732,4.0,149991.13,buy
1499694958,3.5257,149991.13,buy
1499695017,1.19941204,149991.13,buy
1499695017,2.32628796,150219.74,buy
1499695389,2.0141,148851.98,buy
1499695529,0.01740081,148851.98,buy
1499695529,3.50827919,149075.25,buy
1499696030,0.700824966,150997.76,buy
1499697215,0.333649433,149857.89,buy
1499697527,2.6,150082.67,buy
1499699176,1.008064516,149180.04,buy
1499699604,0.670337667,149180.04,buy
1499699607,7.591964407,149180.04,buy
1499699608,3.485578392,149326.29,buy
1499699609,0.675403225,149326.29,buy
1499699626,2.746e-06,149326.29,buy
1499699638,0.001077372,149326.29,buy
1499699894,0.544354838,150369.85,buy
1499701210,1.10032258,148432.72,buy
1499704386,1.98224062,152017.04,buy
1499704386,3.89453626,152245.06,buy
1499704386,4.20386828,152632.88,buy
1499706183,0.334928037,149285.8,buy
1499706657,1.9006,147610.0,sell
1499706700,2.016129032,149239.02,buy
1499707677,9.41013685,150396.39,buy
1499707677,3.88986315,150693.58,buy
1499707937,1.028225806,150693.58,buy
1499708041,2.6,150693.58,buy
1499708901,1.332208683,150126.63,buy
1499708958,0.1,150126.63,buy
1499710021,3.0245,149974.33,buy
1499710023,0.133356155,149974.33,buy
1499711121,0.674,148426.33,buy
1499716062,7.653575025,148973.92,buy
1499716615,0.134208597,149021.75,buy
1499717344,0.1805,147610.0,sell
1499717533,2.013128956,149021.75,buy
1499723569,0.33692064,148402.9,buy
1499727275,0.1563,147610.0,sell
1499727779,0.134768256,148402.9,buy
1499728031,0.4798,147610.0,sell
1499729347,2.3638,147610.0,sell
1499729347,3.0589,146180.0,sell
1499729584,0.9411,146180.0,sell
1499729584,5.0328,146000.0,sell
1499729584,4.0,145300.0,sell
1499729584,0.5,145000.0,sell
1499729584,1.0,145000.0,sell
1499729584,2.0689,145000.0,sell
1499729626,6e-05,145000.0,sell
1499729626,5.32304,141010.0,sell
1499729852,0.025176233,141781.07,buy
1499729886,0.58696,141010.0,sell
1499730223,0.5,140000.0,sell
1499731355,0.566,141532.51,buy
1499732066,1.01,143733.79,buy
1499732073,3.0222,143733.79,buy
1499732098,0.50661374,143931.87,buy
1499732794,2.34685599,145939.87,buy
1499732794,0.67534401,146158.77,buy
1499732941,1.41088,145430.64,buy
1499732993,0.80553167,145430.64,buy
1499733059,3.0222,146439.53,buy
1499733077,3.0222,146439.53,buy
1499738399,10.286,142948.07,buy
1499738820,2.0,141484.76,buy
1499738945,1.11,140000.0,sell
1499738945,2.733,140000.0,sell
1499739919,2.4,141142.07,buy
1499740016,2.0,140456.67,buy
1499740506,2.32632858,139771.27,buy
1499740506,0.69279142,140667.35,buy
1499740706,2.0,138399.08,buy
1499740708,0.22257161,138399.08,buy
1499740708,2.79654839,138606.67,buy
1499740752,1.35366341,138606.67,buy
1499740752,0.13627659,138998.31,buy
1499740909,2.0,137030.0,sell
1499741057,0.47107428,137029.68,buy
1499741075,2.39521791,137030.0,sell
1499741242,0.78253781,137030.0,sell
1499741514,2.1,132000.0,sell
1499741514,0.55,131948.17,sell
1499741668,0.03,135658.88,buy
1499741940,3.917119838,136461.32,buy
1499741958,6.480970062,136461.32,buy
1499741958,4.519029938,137235.22,buy
1499742042,0.171447502,137235.22,buy
1499742042,5.728552498,137617.23,buy
1499743357,2.41109475,136961.14,buy
1499743357,0.098985895,137715.07,buy
1499744507,2.49,132329.49,sell
1499745613,2.45051839,133538.4,buy
1499745613,1.29179261,133738.7,buy
1499746375,0.77,132818.83,buy
1499746859,0.080261832,132818.83,buy
1499747526,0.360467344,138708.82,buy
1499748098,0.256294058,133602.68,buy
1499748101,0.1176,132300.0,sell
1499758028,1.0,132001.0,sell
1499758082,0.379,132001.0,sell
1499760031,4.41158294,132922.58,buy
1499760031,9.284590272,133122.11,buy
1499781527,0.934,140201.0,sell
1499781527,7.13,140200.0,sell
1499781527,2.34439473,134646.56,sell
1499781527,4.11506362,134096.05,sell
1499783411,0.5052,159990.0,buy
1499783411,0.744878117,159990.0,buy
1499783460,0.255121883,159990.0,buy
1499783460,0.4056,160000.0,buy
1499783460,0.582018827,162000.0,buy
1499783501,1.234567901,162000.0,buy
1499784458,0.632911392,158000.0,buy
1499786838,1.0,150950.0,buy
1499786838,0.4,150950.0,buy
1499786838,1.6,150980.0,buy
1499788127,0.202702703,148000.0,buy
1499789184,0.039,148000.0,buy
1499790430,0.675675676,148000.0,buy
1499797853,0.4,140000.0,sell
1499797964,0.44078,140000.0,sell
1499800143,0.21,140000.0,sell
1499800665,0.201,133122.11,sell
1499801714,10.0,133354.03,buy
1499803345,8.0,133477.01,buy
1499805452,0.262295082,152500.0,buy
1499808165,0.302419354,149000.0,buy
1499808969,0.2377,148960.0,buy
1499808969,0.5,148960.0,buy
1499808969,17.0,148980.0,buy
1499808969,2.393348387,149000.0,buy
1499809392,0.167785235,149000.0,buy
1499810257,0.134228188,149000.0,buy
1499811573,0.5,148990.0,buy
1499811573,0.5,148990.0,buy
1499811573,0.675,149000.0,buy
1499819968,0.2255,133000.0,sell
1499820225,0.196,132800.0,sell
1499820225,0.07547,132500.0,sell
1499820225,0.72893,132500.0,sell
1499821039,0.34107,132500.0,sell
1499821039,0.64493,132001.0,sell
1499821092,3.87607,132001.0,sell
1499821092,0.35,132000.0,sell
1499821092,0.5,132000.0,sell
1499821092,0.62883,130000.0,sell
1499821228,1.0,130000.0,sell
1499822253,0.26,145990.0,buy
1499827098,0.38427,130000.0,sell
1499827098,4.61573,130000.0,sell
1499827719,0.0514,130000.0,sell
1499831519,3.70596,135000.0,sell
1499832867,0.9955,130000.0,sell
1499840256,0.14276,140100.0,buy
1499850281,1.4932,137909.57,sell
1499855102,0.09,133587.62,sell
1499856946,0.4326,144950.0,buy
1499856946,1.0,147980.0,buy
1499856946,3.0,152400.0,buy
1499856946,1.0651,153000.0,buy
1499856946,3.0099,155000.0,buy
1499856946,2.4657,157980.0,buy
1499856946,0.65056,165000.0,buy
1499864053,0.606060606,165000.0,buy
1499866531,0.4465,139500.0,sell
1499866531,0.1501,139500.0,sell
1499868819,0.196180645,155000.0,buy
1499871025,0.23334889,149990.0,buy
1499871204,0.73495111,149990.0,buy
1499871204,12.192030194,155000.0,buy
1499871447,0.64516129,155000.0,buy
1499873824,0.32,155000.0,buy
1499873852,0.193548387,155000.0,buy
1499875845,0.16,155000.0,buy
1499875846,0.055561,157900.0,buy
1499876315,0.98225602,157800.0,buy
1499876582,0.316866821,157795.0,buy
1499877972,0.190264785,157675.0,buy
1499878496,0.031715826,157650.0,buy
1499879199,0.382784174,157650.0,buy
1499879199,0.251532318,157650.0,buy
1499879507,0.248467682,157650.0,buy
1499879507,0.1495,157650.0,buy
1499879507,1.6666,157660.0,buy
1499879507,1.11774398,157800.0,buy
1499879507,0.4436,158500.0,buy
1499879507,5.0,159800.0,buy
1499879507,1.430087528,160000.0,buy
1499880032,0.569912472,160000.0,buy
1499880032,0.430087528,160000.0,buy
1499886563,0.1784,159999.0,buy
1499886563,0.2448,162900.0,buy
1499887352,0.2552,162900.0,buy
1499887352,0.1949,162950.0,buy
1499887352,0.286312638,163000.0,buy
1499887803,0.713687362,163000.0,buy
1499887803,10.88,163500.0,buy
1499887803,6.551473927,163501.0,buy
1499887998,0.5,163990.0,sell
1499889717,0.0749,163600.0,buy
1499889717,0.169298676,163890.0,buy
1499891634,0.012,163000.0,buy
1499891634,0.875,163890.0,buy
1499894070,5.039475,156601.0,sell
1499894387,1.063525,156601.0,sell
1499894387,1.9496342,156600.0,sell
1499894989,1.04,156600.0,sell
1499894989,0.8951,156600.0,sell
1499895049,0.2138,156600.0,sell
1499895106,1.9414658,156600.0,sell
1499895106,0.0585342,156500.0,sell
1499896907,0.9414658,156500.0,sell
1499896954,0.07854,155000.0,sell
1499897062,0.12345679,162000.0,buy
1499899197,0.0161,150500.0,sell
1499899945,0.141129032,157980.0,buy
1499901487,0.448,150500.0,sell
1499901487,0.21068,150002.0,sell
1499901487,2.0,150001.0,sell
1499901579,0.5,150000.0,buy
1499901589,0.26632,150000.0,buy
1499901605,8e-05,150000.0,sell
1499901605,0.4635,149000.0,sell
1499909803,0.2095,157889.0,buy
1499909803,0.46,157900.0,buy
1499909803,0.273384259,162000.0,buy
1499913438,0.14,148200.0,sell
1499915867,0.207682243,160500.0,buy
1499917837,1.209677419,160500.0,buy
1499918945,3.572640338,160500.0,buy
1499918945,1.427359662,162000.0,buy
1499920522,0.330180066,152500.0,sell
1499938554,0.134173387,162000.0,buy
1499939104,0.104682692,162000.0,buy
1499939104,0.0781,164500.0,buy
1499939104,0.34974,165000.0,buy
1499939104,5.0,168000.0,buy
1499939104,0.425138597,168000.0,buy
1499950943,0.4,152600.0,sell
1499950943,0.08367,152550.0,sell
1499950943,1.381610034,152500.0,sell
1499950943,0.22,151020.0,sell
1499950943,0.397319966,150000.0,sell
1499956496,0.04595,161990.0,buy
1499957511,0.6101,161990.0,buy
1499957511,0.59315,161990.0,buy
1499957511,0.5,161990.0,buy
1499957511,1.5,161999.0,buy
1499957511,0.5,164400.0,buy
1499957511,0.2188,164400.0,buy
1499957511,0.110208064,164500.0,buy
1499957754,0.988,150000.0,sell
1499960327,0.3365,150000.0,sell
1499960553,4.695,150000.0,sell
1499961605,0.905,150000.0,sell
1499961605,0.6115,150000.0,sell
1499961719,0.241,148420.0,sell
1499961719,0.48,148300.0,sell
1499961719,0.49,148100.0,sell
1499961719,0.41,147600.0,sell
1499967987,0.123,146000.0,sell
1499967987,0.6,145002.0,sell
1499967987,0.575,145002.0,sell
1499967987,0.0138,145000.0,sell
1499967987,1.3358,140000.0,sell
1499967987,2.3899,130000.0,sell
1499967987,1.3359,130000.0,sell
1499968694,1.5,154990.0,buy
1499968694,4.951,155000.0,buy
1499974530,0.047286667,150000.0,buy
1499975425,0.41,141400.0,sell
1499975425,0.197,141345.0,sell
1499975425,4.283,135000.0,sell
1499975788,0.103583893,149000.0,buy
1499977061,0.1,141370.0,sell
1499977377,0.237616107,149000.0,buy
1499977377,0.297383893,150000.0,buy
1499978403,0.133513694,149700.0,buy
1499982210,1.008064516,149490.0,buy
1499984311,0.434811693,149490.0,buy
1499984806,0.133868809,149400.0,buy
1499985498,0.193,138000.0,sell
1499985978,2.647,149400.0,buy
1499994863,0.126666667,150000.0,buy
1500003110,0.342465753,146000.0,buy
1500003804,3.612834247,146000.0,buy
1500003804,0.923456074,150500.0,buy
1500005893,0.3374,139001.0,sell
1500036557,0.015294525,144300.0,buy
1500040760,0.99,139001.0,sell
1500040998,0.01,139001.0,sell
1500040998,0.04316,139001.0,sell
1500041726,2.097895105,143000.0,buy
1500045179,4.933,140000.0,buy
1500046234,3.0,140000.0,buy
1500046281,0.349674802,142990.0,buy
1500049096,0.349699259,142980.0,buy
1500050734,1.105,140000.0,sell
1500051276,0.5,140000.0,sell
1500051310,3.495,140000.0,sell
1500051472,2.36904886,140000.0,sell
1500051698,0.13455114,140000.0,sell
1500051857,0.9863,137101.0,sell
1500051971,0.1497,137101.0,sell
1500052419,0.44,136200.0,sell
1500052436,0.293685756,136750.64,buy
1500052516,0.5535,135001.0,sell
1500052538,2.045488934,136750.64,buy
1500052538,4.26694805,136955.76,buy
1500052538,3.747925188,137280.47,buy
1500052557,5.924727072,137280.47,buy
1500052557,4.1356351,137540.91,buy
1500052576,0.4465,135001.0,sell
1500052578,2.17266419,131250.31,buy
1500052578,4.50311176,131447.18,buy
1500052578,3.384586222,139900.0,buy
1500052586,2.835448136,131811.86,buy
1500052597,5.030181086,131811.86,buy
1500052630,1.006036217,131811.86,buy
1500052654,1.239637251,131811.86,buy
1500052654,1.640362749,132020.25,buy
1500055534,0.704225352,139700.0,buy
1500056505,3.805,139699.0,buy
1500056505,4.295774648,139700.0,buy
1500056505,1.0,139800.0,buy
1500056505,0.635225352,139900.0,buy
1500056739,8.8426e-05,139900.0,buy
1500057125,0.3,141500.0,buy
1500057125,0.1805,141545.0,buy
1500057125,0.221461107,144500.0,buy
1500057782,5.813551111,144490.0,buy
1500057921,5.186448889,144490.0,buy
1500057921,4.513551111,145000.0,buy
1500057989,0.137931034,145000.0,buy
1500058362,0.9,145000.0,buy
1500059216,0.012117855,145000.0,buy
1500059223,0.152882145,145000.0,sell
1500062754,0.766129032,149950.0,buy
1500062830,0.233870968,149950.0,buy
1500062830,0.433018006,149950.0,buy
1500066525,0.5468451,139900.0,sell
1500067834,0.47037427,139900.0,sell
1500067844,5.17115989,139900.0,sell
1500068741,0.13255935,139900.0,sell
1500068751,0.21199941,139900.0,sell
1500069196,3.935473554,139900.0,sell
1500069196,0.343026446,138000.0,sell
1500070416,0.6639,138000.0,sell
1500070597,7.3554e-05,138000.0,sell
1500070597,3.217026446,132000.0,sell
1500074205,0.611153552,143990.0,buy
1500080293,0.026957842,144930.0,buy
1500083455,2.248,132730.05,buy
1500084779,3.75,132925.84,buy
1500084811,0.100806451,132929.14,buy
1500086293,1.50456,132929.14,buy
1500088456,1.14,132929.14,buy
1500088710,0.45,132001.0,sell
1500088710,0.5691,132000.0,sell
1500089605,4.6154423,132923.12,buy
1500089605,2.131788314,133305.79,buy
1500089994,0.043931451,132920.53,buy
1500091686,1.4309,132000.0,sell
1500091902,0.25,130000.0,sell
1500091902,2.9958,130000.0,sell
1500092137,1.5,130716.01,buy
1500092164,0.51,130716.01,buy
1500092219,0.100806451,130716.01,buy
1500092267,0.281734759,130716.01,buy
1500092357,0.483,130912.08,buy
1500092814,1.815,130912.08,buy
1500093183,2.63060121,130912.08,buy
1500093183,0.36939879,130912.91,buy
1500093247,3.86911821,130912.91,buy
1500094527,0.46,130914.89,buy
1500094547,0.1,130000.0,sell
1500095216,3.0,130000.0,sell
1500096065,10.06512714,131238.14,buy
1500096065,9.93487286,131459.61,buy
1500098742,1.8,130000.0,sell
1500099284,0.8338,130000.0,sell
1500099284,0.2662,130000.0,sell
1500100111,3.5,131159.52,buy
1500100156,3.5,130000.0,sell
1500100246,0.0188,130000.0,sell
1500100246,0.02,130000.0,sell
1500100246,2.0,129000.0,sell
1500100592,0.02,127345.0,sell
1500102566,2.0,127000.0,sell
1500103720,0.050403225,126077.49,buy
1500104553,2.0781,126325.86,buy
1500104649,3.956,126325.86,buy
1500105195,4.64,126325.86,buy
1500105307,0.02790293,126325.86,buy
1500105307,1.95109707,126616.83,buy
1500105520,3.776,126616.83,buy
1500119793,0.48,126283.7,buy
1500120998,4.0,126283.7,buy
1500127809,0.8,125000.0,sell
1500127809,0.655,125000.0,sell
1500137446,3.021148036,137000.0,buy
1500137511,0.400451964,137000.0,buy
1500137511,0.2397,137990.0,buy
1500137511,10.437390834,143500.0,buy
1500141611,1.429592566,139900.0,buy
1500141709,0.197123803,139900.0,buy
1500151853,2.144153225,139900.0,buy
1500157867,3.383709677,136000.0,buy
1500162345,0.48,126100.0,sell
1500162345,4.4022,126002.0,sell
1500162745,0.010080645,126673.03,buy
1500163409,15.79120963,126002.0,sell
1500163409,1.2,126001.0,sell
1500163409,0.261,126001.0,sell
1500163409,5.0,126000.0,sell
1500163409,0.019,126000.0,sell
1500163409,15.345,125000.0,sell
1500163409,4.39716999,125000.0,sell
1500163590,0.63563001,125000.0,sell
1500163590,0.4,120000.0,sell
1500163591,0.02,117000.0,sell
1500163751,1.62090468,114141.92,buy
1500163751,4.87509606,114313.13,buy
1500163751,12.96309988,114632.05,buy
1500163751,6.68089938,114954.43,buy
1500164045,0.2595,135999.0,buy
1500164045,3.1961,136000.0,buy
1500164045,0.8224975,136000.0,buy
1500171609,0.023162134,129000.0,buy
1500172582,0.14,129000.0,buy
1500173153,0.5,121000.0,sell
1500173153,2.0804,120000.0,sell
1500183710,0.495,120000.0,sell
1500198593,2.21522,120000.0,sell
1500198604,3.30927306,115000.0,sell
1500199595,0.69985213,115000.0,sell
1500199604,0.99087481,115000.0,sell
1500199604,0.53,115000.0,sell
1500201444,0.233532,112728.0,sell
1500201454,0.896468,112728.0,sell
1500202620,0.547,109700.0,sell
1500202620,1.2825,109000.0,sell
1500202620,0.026,107090.0,sell
1500202620,0.023,105283.0,sell
1500203074,0.0271,102300.0,sell
1500204067,1.1773,100925.15,buy
1500205282,1.3,100869.98,buy
1500205492,0.01,100869.98,buy
1500206576,0.32,100867.67,buy
1500208901,1.6,100524.23,buy
1500209271,1.006036217,100675.01,buy
1500209278,1.006036217,100675.01,buy
1500209288,4.024144869,100675.01,buy
1500209348,0.392625327,100675.01,buy
1500209348,11.679809279,100972.54,buy
1500209593,1.006036217,100524.81,buy
1500209612,0.497389649,100524.81,buy
1500214868,0.885739593,112900.0,buy
1500224020,0.265721878,112900.0,buy
1500225090,0.016338529,112900.0,buy
1500233479,0.023,116300.0,buy
1500233479,0.0271,122700.0,buy
1500233524,0.403225806,124000.0,buy
1500233600,0.5244,115200.0,sell
1500233637,1.999,114000.0,sell
1500234086,2.001,114000.0,sell
1500234086,2.999,113800.0,sell
1500234364,0.0254,128345.0,buy
1500234615,0.3953,113800.0,sell
1500234913,0.6057,113800.0,sell
1500235672,0.8523,101000.0,sell
1500236134,0.597,100600.0,sell
1500236134,2.7506,100524.81,sell
1500239347,1.0,119000.0,buy
1500239387,5.0,119000.0,buy
1500242759,0.169491525,118000.0,buy
1500243059,0.423728814,118000.0,buy
1500244834,0.254245907,117996.0,buy
1500246396,0.173913043,115000.0,buy
1500247113,1.0,115000.0,buy
1500248202,0.006886957,115000.0,buy
1500248735,1.0374,117994.0,buy
1500251672,8.7083,124999.0,buy
1500251672,1.372345161,125000.0,buy
1500254987,0.1487,110000.0,sell
1500258113,0.86339,120000.0,buy
1500258897,0.166666667,120000.0,buy
1500264923,0.208681135,119800.0,buy
1500269616,0.2372,110002.0,sell
1500277236,0.651085142,119800.0,buy
1500278778,0.7056,115000.0,sell
1500285399,0.140233723,119800.0,buy
1500285399,1.3703,119990.0,buy
1500285399,0.489466277,125000.0,buy
1500292668,1.0,115500.0,sell
1500292668,2.0,115000.0,sell
1500295119,0.5471,115000.0,sell
1500295119,1.0,115000.0,sell
1500298894,0.081366965,122900.0,buy
1500299749,2.371533035,122900.0,buy
1500299749,2.628466965,123000.0,buy
1500299758,0.14,115000.0,sell
1500299758,1.36,107959.68,sell
1500301767,0.04032258,122500.0,buy
1500305087,0.0988,120000.0,buy
1500307088,0.480384307,124900.0,buy
1500307507,0.320256205,124900.0,buy
1500307575,0.120096077,124900.0,buy
1500307739,0.079263411,124900.0,buy
1500307739,0.6168,124900.0,buy
1500308734,4.7595,125000.0,buy
1500309650,0.134,125001.0,sell
1500309650,5.73769,125000.0,sell
1500309916,10.0,124000.0,sell
1500309916,2.0141,123000.0,sell
1500312458,7.9859,123000.0,sell
1500312458,4.0286,122000.0,sell
1500318063,0.235294118,127500.0,buy
1500319712,5.1962,122000.0,sell
1500320133,0.508901099,127400.0,buy
1500322817,0.1331,127390.0,buy
1500322817,0.124702763,127400.0,buy
1500322860,0.0001,128345.0,buy
1500322860,0.02,132000.0,buy
1500322860,0.0697,139990.0,buy
1500322860,0.5,139990.0,buy
1500322860,0.5,139990.0,buy
1500322860,0.694171693,140600.0,buy
1500324685,0.25,140000.0,buy
1500326258,0.074632435,133990.0,buy
1500327692,0.408,123520.0,sell
1500327692,0.5,122100.0,sell
1500327692,4.8887,122001.0,sell
1500338783,0.02,142000.0,buy
1500338783,1.03559,142000.0,buy
1500339231,0.9603,141990.0,buy
1500339311,1.95301,135000.0,sell
1500347539,0.67779,133999.0,buy
1500355244,0.970156494,133999.0,buy
1500355762,2.238822678,133999.0,buy
1500363783,0.082,134000.0,buy
1500363783,0.6723,135000.0,buy
1500363783,7.7,140000.0,buy
1500363783,0.5457,144940.0,buy
1500372803,0.425,144910.0,buy
1500376468,0.475,127500.0,sell
1500376468,0.8,125201.0,sell
1500376468,5.14672952,125156.12,sell
1500376468,2.26297048,125048.97,sell
1500380135,0.421,144000.0,buy
1500383545,1.008064516,144000.0,buy
1500385656,1.517220543,144000.0,buy
1500386936,6.048387096,144000.0,buy
1500387000,2.52,144000.0,buy
1500387188,1.388888889,144000.0,buy
1500387228,3.155387714,144000.0,buy
1500387277,0.702051242,144000.0,buy
1500387277,0.575,144910.0,buy
1500387277,0.107517044,144920.0,buy
1500387786,0.892482956,144920.0,buy
1500387786,1.0,144930.0,buy
1500388029,0.0196,148000.0,buy
1500388029,2.314766255,149950.0,buy
1500388344,1.405,149950.0,buy
1500388590,0.840280093,149950.0,buy
1500391541,0.0925,149945.0,buy
1500392011,4.9075,149945.0,buy
1500392011,0.439953652,149950.0,buy
1500392011,1.3271,150500.0,buy
1500392011,2.7723,156800.0,buy
1500392011,10.0,156990.0,buy
1500392011,9.9949,159999.0,buy
1500392011,0.800181831,160000.0,buy
1500392062,0.178918169,160000.0,buy
1500392062,0.158616004,167999.0,buy
1500393168,0.63078352,167990.0,buy
1500393177,0.297636764,167990.0,buy
1500394652,0.120477043,166006.73,buy
1500395056,0.20853,150000.0,sell
1500395248,1.09147,150000.0,sell
1500395248,0.12563,143000.0,sell
1500395537,0.135,148000.0,sell
1500396311,1.2929,155000.0,sell
1500398555,0.34,147000.0,buy
1500398732,0.738,147000.0,buy
1500398732,1.0,152473.0,buy
1500398732,1.286193548,152474.97,buy
1500403256,1.6662,152032.0,buy
1500403256,5.0,152040.0,buy
1500403256,5.0,152090.0,buy
1500403256,5.0,152196.0,buy
1500403256,1.274311942,152240.0,buy
1500404595,1.97693575,151750.0,buy
1500405295,0.02,151750.0,buy
1500405368,0.4,151750.0,buy
1500405386,0.02,151750.0,buy
1500405434,0.43306425,151750.0,buy
1500405434,0.598483553,152000.0,buy
1500405526,2.9,152000.0,buy
1500405528,0.001516447,152000.0,buy
1500405534,0.02,152537.88,buy
1500408215,1.5749,153825.36,sell
1500408858,0.095602294,156900.0,buy
1500408859,0.385,156900.0,buy
1500409020,2.2,156900.0,buy
1500409101,4.0,156900.0,buy
1500409121,0.410097706,156900.0,buy
1500409121,1.239902294,157000.0,buy
1500409158,1.338697706,157000.0,buy
1500409158,0.552113424,161310.28,buy
1500409302,1.65,161257.83,sell
1500409378,1.8,161257.83,sell
1500409607,5.0,161990.0,buy
1500409704,2.0,161990.0,buy
1500409841,2.0,161990.0,buy
1500409940,7.0,161990.0,buy
1500409975,0.636,162000.0,buy
1500410169,2.04182659,162000.0,buy
1500410171,3.75435904,162000.0,buy
1500410172,9.6285251,162000.0,buy
1500410173,9.82883152,162000.0,buy
1500410174,9.63256714,162000.0,buy
1500410175,9.21789619,162000.0,buy
1500410176,4.477548715,162000.0,buy
1500410186,2.0,162000.0,buy
1500410293,0.4,162000.0,buy
1500410405,1.22,162000.0,buy
1500410429,0.28,162000.0,buy
1500410448,1.64,162000.0,buy
1500410483,10.0,162000.0,buy
1500410501,1.65,162000.0,buy
1500410533,1.7976585,162000.0,buy
1500410535,3.57567255,162000.0,buy
1500410536,9.02724066,162000.0,buy
1500410537,8.91574544,162000.0,buy
1500410539,7.491926373,162000.0,buy
1500410643,2.784202182,162000.0,buy
1500410643,0.0198,163750.0,buy
1500410643,0.0199,166990.0,buy
1500410643,0.0831,167990.0,buy
1500410643,0.092997818,167999.0,buy
1500410683,3.512486178,167999.0,buy
1500410683,1.6152,169000.0,buy
1500410714,1.7006,169430.0,buy
1500410714,0.8505,170001.0,buy
1500410714,1.0,171001.0,buy
1500410714,6.4489,172000.0,buy
1500410743,5.0,172000.0,buy
1500410782,0.5,172000.0,buy
1500410784,1.94804346,172000.0,buy
1500410785,3.32934399,172000.0,buy
1500410786,2.3255814,172000.0,buy
1500410787,8.59811297,172000.0,buy
1500410789,2.090985201,172000.0,buy
1500410879,4.0,171990.0,buy
1500410908,1.5,171990.0,buy
1500412008,1.49605427,161244.29,sell
1500412100,3.6108,161244.29,sell
1500412388,0.01,167000.0,buy
1500412388,0.999,169889.0,buy
1500412388,1.51116129,169990.0,buy
1500412464,1.3,158000.0,sell
1500412464,1.679,154855.71,sell
1500412900,3.2515,162000.0,buy
1500412976,0.254597701,156600.0,sell
1500412976,2.06644077,156579.47,sell
1500412976,3.190735877,156344.95,sell
1500413191,1.7397,157231.88,sell
1500413361,0.061391129,162800.0,buy
1500413450,0.16752598,157231.88,sell
1500413490,0.048,155150.0,sell
1500413490,0.02,153065.0,sell
1500413490,0.02,150000.0,sell
1500414191,1.0,148000.0,sell
1500414238,0.5958,154622.2,sell
1500414341,0.0184,154622.2,sell
1500414359,1.0,154622.2,sell
1500414527,0.0755,154622.2,sell
1500414542,0.0891,155630.0,sell
1500414542,3.4426e-05,154622.2,sell
1500416452,0.02,145000.0,sell
1500417100,0.192,159995.0,buy
1500417100,0.888,159996.0,buy
1500417777,0.291129667,159994.0,buy
1500418060,0.1007,145000.0,sell
1500418152,2.0,144110.0,sell
1500418152,0.42,144100.0,sell
1500418261,3.0,141510.0,sell
1500418261,0.3357,141400.0,sell
1500418731,0.0893,141400.0,sell
1500418774,0.0267,141400.0,buy
1500425665,1.2928,145500.0,sell
1500427583,0.61,145550.0,sell
1500427583,0.3546,145500.0,sell
1500427989,0.2859,154999.0,buy
1500428204,0.2859,146010.0,sell
1500428561,1.4135,146010.0,sell
1500428572,1.1999,150000.0,buy
1500428727,0.012965124,154260.0,buy
1500428804,0.99834,146010.0,sell
1500428804,1.3,146000.0,sell
1500429592,0.5,147900.0,buy
1500429616,0.7112,147900.0,buy
1500429616,0.3072,148500.0,buy
1500431522,0.61,152000.0,buy
1500433076,0.578,150000.0,buy
1500433083,0.022,150000.0,sell
1500433726,0.3655,145000.0,sell
1500434585,0.7104,153695.0,buy
1500434585,1.95006052,153748.4,buy
1500434585,0.33953948,153939.0,buy
1500434814,1.6345,147563.13,sell
1500434870,0.6051,153938.0,buy
1500434870,0.01266052,153939.0,buy
1500434877,1.14323948,154000.0,sell
1500435925,0.125,154500.0,buy
1500435925,1.875,155987.29,buy
1500443365,0.1266,159700.0,buy
1500443365,0.0199,159865.0,buy
1500443365,0.145257473,159900.0,buy
1500452052,2.0,159900.0,buy
1500452186,0.854742527,159900.0,buy
1500452186,0.0885,161000.0,buy
1500452186,0.0197,161090.0,buy
1500452186,0.037057473,162000.0,buy
1500452797,0.049,157832.57,sell
1500459461,1.962942527,162000.0,buy
1500459461,0.0198,163012.0,buy
1500459461,0.117257473,163174.17,buy
1500471424,0.02,154032.0,sell
1500471753,0.02,151174.0,sell
1500474396,0.131048387,152000.0,buy
1500474409,0.048,147000.0,sell
1500474820,0.04832,147000.0,sell
1500474820,6.81058,146645.0,sell
1500474860,1.311200273,152532.0,buy
1500476764,0.327868852,152500.0,buy
1500478021,0.6721,152500.0,buy
1500478047,3.1148e-05,152500.0,buy
1500478047,0.095668852,152800.0,buy
1500478070,3.1148e-05,152800.0,buy
1500478070,1.499968852,153000.0,buy
1500478115,3.1148e-05,153000.0,buy
1500478115,1.934168852,153898.25,buy
1500478162,3.8649,154662.39,buy
1500478214,3.15e-06,154662.39,buy
1500478214,1.98999685,155000.0,buy
1500480134,0.01,155000.0,buy
1500480248,3.15e-06,155000.0,buy
1500480248,0.43999685,158000.0,buy
1500481702,1.008064516,158000.0,buy
1500482001,3.0,150000.0,sell
1500482048,0.1,150000.0,sell
1500482576,0.2014,155000.0,buy
1500486388,1.93134942,154619.59,buy
1500486388,0.98365058,154854.41,buy
1500486756,1.1516,155000.0,buy
1500487926,0.36,148000.0,sell
1500487926,0.1448,146900.0,sell
1500490891,1.0,146903.0,sell
1500491517,1.7,146903.0,sell
1500491730,0.1,146903.0,sell
1500492249,3.412220392,146902.0,sell
1500492249,3.881379608,146900.0,sell
1500492433,2.0392e-05,146900.0,sell
1500492433,0.391979608,139003.0,sell
1500493415,0.0597,139003.0,sell
1500493467,2.3743,139003.0,sell
1500493480,2.174020392,139003.0,sell
1500493480,0.66576,139001.0,sell
1500493480,1.5,138000.0,sell
1500493480,0.445,136600.0,sell
1500493480,0.12,135000.0,sell
1500493480,0.309219608,133500.0,sell
1500493514,0.140780392,133500.0,sell
1500493514,0.3838,130000.0,sell
1500493514,2.176819608,128672.18,sell
1500494114,0.347248748,143989.0,buy
1500495443,1.008064516,139999.0,buy
1500496394,0.02,139505.0,sell
1500496394,0.02,139000.0,sell
1500496394,0.02,138090.0,sell
1500496394,0.02,137300.0,sell
1500497636,0.42,139899.0,buy
1500497734,0.0007,139899.0,buy
1500498154,0.0425,141630.0,buy
1500498720,3.0192,141630.0,buy
1500499836,0.0163,139899.0,sell
1500500397,0.5,136000.0,sell
1500500430,2.0,133200.0,sell
1500500430,5.0,133200.0,sell
1500500493,8.32,133000.0,sell
1500500613,4.0,132300.0,sell
1500500613,0.1664219,132200.0,sell
1500500613,1.9972781,130865.7,sell
1500502351,0.08,145000.0,buy
1500502584,0.0013,145000.0,buy
1500502584,1.9987,151550.0,buy
1500504983,0.020110887,143889.0,buy
1500505177,0.9235,139990.0,sell
1500505952,0.02129,135001.0,sell
1500505952,1.97411,135000.0,sell
1500506049,0.3,138990.0,buy
1500506638,0.02589,135000.0,sell
1500506943,3.4,138499.0,sell
1500508516,0.01,134500.0,sell
1500508878,0.45,134500.0,buy
1500508977,0.5,134500.0,buy
1500509106,0.55,134500.0,buy
1500509255,0.006,134500.0,buy
1500510085,0.6,135281.18,buy
1500510693,0.2874,135484.1,buy
1500511310,0.5,135965.94,buy
1500514471,0.301001984,142617.0,buy
1500517840,0.95329339,146859.3,buy
1500519227,2.14535011,149320.38,buy
1500519227,1.092298054,149435.87,buy
1500521213,0.1838,149000.0,sell
1500521392,0.5136,149000.0,sell
1500521574,0.0222,149000.0,sell
1500521754,1.86,149000.0,sell
1500521973,1.0068,149000.0,sell
1500521986,5.0,149000.0,sell
1500522021,0.1339,149000.0,sell
1500529274,0.335795836,148900.0,buy
1500549771,0.290394299,141904.79,sell
1500551195,0.42,148890.0,buy
1500553275,2.14291955,149000.0,buy
1500553836,0.45345,137010.0,sell
1500553836,0.28852,137000.0,sell
1500553836,0.90743,135000.0,sell
1500553846,0.6614,149744.0,buy
1500556999,0.066225166,151000.0,buy
1500557955,1.427074834,151000.0,buy
1500557955,0.4967,151600.0,buy
1500558194,8.2743,153000.0,buy
1500558194,0.7257,153811.84,buy
1500560616,0.993,153000.0,sell
1500561050,10.0,153000.0,sell
1500561343,4.007,153000.0,sell
1500561343,2.01033364,151469.11,sell
1500561343,3.68336046,150957.17,sell
1500561343,8.0962059,150925.49,sell
1500573680,0.02,150925.0,sell
1500573680,0.0107,150050.0,sell
1500573680,0.33,150000.0,sell
1500578430,2.923387096,152999.0,buy
1500583029,0.2,150000.0,sell
1500583029,2.03608768,149596.91,sell
1500583029,3.77130396,149340.81,sell
1500583029,10.70745685,148752.12,sell
1500583029,2.02425151,148574.13,sell
1500583959,0.08,156000.0,buy
1500585606,0.148,155500.0,buy
1500585606,0.2066,156000.0,buy
1500585606,2.834648821,156900.0,buy
1500588128,1.93271273,156546.0,buy
1500588128,4.0,156770.0,buy
1500588128,6.06728727,156780.0,buy
1500588196,0.317298125,156780.0,buy
1500590009,5.0,153000.0,sell
1500590030,1.7897,153000.0,sell
1500590393,0.3333,153000.0,sell
1500591376,0.3489,153000.0,sell
1500591925,1.0029,153000.0,sell
1500592105,4.5252,153000.0,sell
1500592422,0.29613,150000.0,sell
1500592422,0.75627,150000.0,sell
1500592588,0.1998,150000.0,sell
1500592598,0.04393,150000.0,sell
1500592598,4.95607,149950.0,sell
1500592624,2.789352841,149950.0,sell
1500593107,0.027452217,149950.0,sell
1500593192,0.006695632,149950.0,sell
1500594645,4.6,149950.0,sell
1500596179,0.063938555,156400.0,buy
1500599431,0.323729362,154450.0,buy
1500603165,0.2658,150000.0,sell
1500605367,0.090470638,154450.0,buy
1500605367,3.4,154900.0,buy
1500605367,1.91990058,155039.4,buy
1500605367,3.59440518,155663.22,buy
1500605367,3.862667736,155900.0,buy
1500606995,0.005915033,153000.0,buy
1500611894,0.113284967,153000.0,buy
1500611894,0.637332264,155900.0,buy
1500611894,2.859382769,156299.0,buy
1500620623,0.200943056,150500.0,sell
1500643411,0.640286849,156180.0,buy
1500643449,0.064028685,156180.0,buy
1500644758,0.172877449,156180.0,buy
1500647137,3.122807017,156180.0,buy
1500647137,2.925580079,156299.0,buy
1500649314,0.258899676,154500.0,buy
1500652457,0.1,153600.0,buy
1500652867,4.15,150001.0,sell
1500652867,9.7342,150000.0,sell
1500652867,1.0,150000.0,sell
1500652867,2.062577159,149950.0,sell
1500653298,0.61,148575.0,sell
1500653298,0.019,148574.13,sell
1500653431,0.053222841,149950.0,buy
1500653431,0.144010661,152900.0,buy
1500656490,0.0016,151000.0,buy
1500659212,0.02,148000.0,sell
1500659212,2.17971422,147898.3,sell
1500661669,1.007,148900.0,buy
1500662612,0.09,147898.0,sell
1500662614,0.09,143001.0,sell
1500663203,0.04432505,148900.0,buy
1500665225,1.03,143001.0,sell
1500665225,0.8933,143000.0,sell
1500665339,0.035,148900.0,buy
1500665672,7.495e-05,148900.0,buy
1500665672,0.331095805,150980.0,buy
1500667755,0.9964,150960.0,buy
1500667755,0.990684549,150990.0,buy
1500670202,1.0,143000.0,sell
1500670202,0.1137,143000.0,sell
1500670202,0.8863,142000.0,sell
1500670823,0.3657,150000.0,buy
1500674671,0.0116,142000.0,sell
1500681323,2.12655083,142756.44,buy
1500681323,0.592482401,143202.0,buy
1500686778,1.41,145412.37,buy
1500693614,0.246305552,148157.44,buy
1500701324,1.008064516,150990.0,buy
1500723558,0.049,142001.0,sell
1500732074,0.066445183,150500.0,buy
1500743788,2.029,149500.0,buy
1500745187,2.02425203,149490.65,buy
1500745187,1.32035797,149500.0,buy
1500750722,0.3,143001.0,sell
1500750899,0.050718121,149000.0,buy
1500751465,0.3695,143003.0,sell
1500759931,0.6651,148999.0,buy
1500761519,2.47,150990.0,buy
1500762531,4.056950935,150990.0,buy
1500762531,5.943049065,152000.0,buy
1500769173,0.78,145100.0,sell
1500769173,2.0,143100.0,sell
1500769173,1.4,143000.0,sell
1500769173,4.51,142700.0,sell
1500769173,0.335,142501.0,sell
1500769173,0.975,142500.5,sell
1500771542,0.662251656,151000.0,buy
1500774806,0.004635762,151000.0,buy
1500775650,0.006653225,151000.0,buy
1500776289,0.066225166,151000.0,buy
1500778070,0.662251656,151000.0,buy
1500779398,1.597982535,151000.0,buy
1500779398,2.208306842,152000.0,buy
1500784214,0.010804219,149268.06,sell
1500784214,0.989195781,145000.0,sell
1500832761,0.1949,149000.0,sell
1500834734,2.3911,149000.0,sell
1500838430,0.0347,153000.0,buy
1500838430,3.88192998,153100.0,buy
1500839124,0.001,149000.0,sell
1500841742,0.024807315,153100.0,buy
1500843316,0.024,152025.03,sell
1500845559,0.7687,149000.0,sell
1500848739,7e-06,149000.0,sell
1500848739,2.499993,145110.0,sell
1500848811,0.005912197,151720.25,buy
1500849155,0.041,151720.25,buy
1500849444,0.2314,150092.0,sell
1500858206,0.0584,150005.38,sell
1500867840,0.0072,151040.04,sell
1500889664,0.003697414,149443.6,sell
1500889664,2.586e-06,145010.0,sell
1500901859,0.3703,150500.0,sell
1500903676,4.0,150500.0,sell
1500904745,0.426085513,151988.27,buy
1500905186,0.847262705,153100.0,buy
1500905186,0.9876,153999.0,buy
1500905186,0.9945,154000.0,buy
1500905186,4.7,154000.0,buy
1500905186,2.0,155000.0,buy
1500905186,0.165351179,156900.0,buy
1500905186,0.385931276,157000.0,buy
1500905758,0.8424,150500.0,sell
1500905901,0.2882,150500.0,sell
1500906798,0.06493,151987.38,buy
1500908610,0.37298387,157000.0,buy
1500910760,0.13,150500.0,sell
1500910982,0.0990327,150500.0,sell
1500911102,2.63,150500.0,sell
1500911141,6.73e-05,150500.0,sell
1500911141,0.133,145900.0,sell
1500911227,0.330289255,151382.46,buy
1500911933,3.054,149000.0,sell
1500912886,2.1449,149000.0,sell
1500917480,0.006629967,150830.32,buy
1500920376,2.05,150465.64,buy
1500920704,0.5624,149000.0,sell
1500923715,0.1076,149000.0,sell
1500923715,0.8924,149000.0,sell
1500927289,0.295,149000.0,sell
1500927563,3.6137,149000.0,sell
1500928820,0.022886667,150000.0,buy
1500929622,0.2448,148615.38,sell
1500931684,0.2,150000.0,buy
1500940275,1.042,150000.0,buy
1500940275,0.224533333,150000.0,buy
1500940275,1.757660214,150199.85,buy
1500940835,0.3342,149568.36,buy
1500942841,0.453629032,150469.41,buy
1500943310,2.31427817,150467.56,buy
1500943310,0.9945,151000.0,buy
1500943310,0.010635718,151067.37,buy
1500946758,0.46,149000.0,sell
1500951112,0.997,150466.93,buy
1500952346,0.3,150465.04,buy
1500953700,7.5552,149000.0,sell
1500954166,11.9848,149000.0,sell
1500956537,2.00699205,148371.74,buy
1500956537,1.62100795,148594.29,buy
1500962597,0.941844088,148644.56,buy
1500978739,0.4166,147000.0,sell
1500978758,0.5,147000.0,sell
1500978850,0.0834,147000.0,sell
1500980632,0.29885837,146050.0,sell
1500980632,0.56,146030.0,sell
1500981456,1.0,145100.0,sell
1500981456,1.0,145000.0,sell
1500981906,0.01,145000.0,sell
1500981924,0.0657,142615.0,sell
1500982083,0.1,142615.0,sell
1500982745,1.8474,142615.0,sell
1500982745,0.41,142600.0,sell
1500982745,0.6343,142500.5,sell
1500982981,2.8907,142500.5,sell
1500982981,0.03265,142000.0,sell
1500982981,1.1021,142000.0,sell
1500982981,2.31895,142000.0,sell
1500984616,1.008,141479.15,buy
1500987132,2.861,140580.0,sell
1500987132,1.00655,140571.0,sell
1500987132,1.13245,140001.0,sell
1500987717,1.103821357,148900.0,buy
1500987965,2.4252,141310.91,buy
1500989823,2.016129032,141328.15,buy
1500990033,1.2248,140002.0,sell
1500990162,0.3,140002.0,sell
1500990733,0.002016514,141333.0,buy
1500990817,0.9248,140002.0,sell
1500990817,0.7752,140002.0,sell
1500990817,0.284,140001.0,sell
1500990848,0.212264652,141333.0,buy
1500991461,0.1,140001.0,sell
1500991887,0.4952,140001.0,sell
1500993951,0.001,140001.0,sell
1500995553,0.01,141000.0,sell
1500995762,0.01,141000.0,sell
1500996150,0.1321,141000.0,sell
1500996182,0.1309,139000.0,sell
1500996182,5.0,139000.0,sell
1500996182,0.06494,138010.0,sell
1500996567,0.100806451,144000.0,buy
1500996707,0.695,138010.0,sell
1500997124,0.0011,138676.32,buy
1500997262,1.008064516,138676.32,buy
1500997966,1.0,138737.24,buy
1500998070,1.008064516,138737.24,buy
1500999282,2.2453,138724.39,buy
1500999491,4.531893549,144000.0,buy
1500999491,5.0,145000.0,buy
1500999491,0.9945,147000.0,buy
1500999491,0.9945,149100.0,buy
1500999491,1.0,149500.0,buy
1500999491,1.0,150000.0,buy
1500999491,0.06,151000.0,buy
1500999491,0.9945,152000.0,buy
1500999491,0.4313,152900.0,buy
1500999491,0.235584854,157000.0,buy
1500999491,1.2458,157000.0,buy
1500999491,1.1307,158735.0,buy
1500999491,1.2461,159999.0,buy
1500999491,2.0,160000.0,buy
1500999491,2.352723636,165000.0,buy
1501001416,0.7235,140000.0,sell
1501001498,0.5115,140000.0,sell
1501003621,0.061,140000.0,sell
1501003621,0.934,140000.0,sell
1501004429,0.631,140000.0,sell
1501007045,0.05,140000.0,sell
1501007104,0.95,140000.0,sell
1501007171,0.05,139868.0,sell
1501007233,0.05,139868.0,sell
1501007295,0.05,139868.0,sell
1501007347,0.05,139868.0,sell
1501007381,0.8501,140000.0,buy
1501007381,2.24869872,140573.98,buy
1501007381,4.012569597,140776.99,buy
1501007622,0.05,139868.0,sell
1501007678,0.05,139868.0,sell
1501007732,0.05,139868.0,sell
1501007792,0.05,139868.0,sell
1501007880,2.3493,139943.27,buy
1501007981,0.6,139868.0,sell
1501008063,0.12083645,139841.91,buy
1501008319,0.060418225,139841.91,buy
1501008378,0.060418225,139841.91,buy
1501008400,0.71891,139100.0,sell
1501008926,0.05747619,147000.0,buy
1501009091,0.097865275,138057.14,buy
1501009282,0.057243554,146990.0,buy
1501009359,0.057243554,146990.0,buy
1501009370,0.64006,138010.0,sell
1501009370,1.58029722,138000.0,sell
1501009372,0.41970278,138000.0,sell
1501009834,0.43,137888.49,buy
1501009892,0.50335,133869.0,sell
1501009982,0.003,133475.85,buy
1501010367,1.0,133000.0,sell
1501010403,0.063617485,132203.12,buy
1501010520,0.063533296,132203.12,buy
1501010579,0.063533296,132203.12,buy
1501010639,0.063533296,132203.12,buy
1501011611,2.41116442,132005.25,buy
1501011611,2.58883558,132203.25,buy
1501011728,0.0351,132203.25,buy
1501011851,2.58492211,130289.26,buy
1501011851,1.41507789,130484.69,buy
1501011882,2.90982079,130484.69,buy
1501011882,6.486251717,130686.44,buy
1501012020,0.141129032,130686.44,buy
1501012546,0.064425377,130372.54,buy
1501012574,2.258517413,130372.54,buy
1501012574,4.94809833,130568.09,buy
1501012574,1.839755223,130756.72,buy
1501012643,0.064236087,130756.72,buy
1501012697,0.064236087,130756.72,buy
1501012762,0.064236087,130756.72,buy
1501012833,0.064236087,130756.72,buy
1501013068,2.0,131236.09,buy
1501013079,0.064001526,131236.09,buy
1501013177,0.064001526,131236.09,buy
1501013711,0.063948359,131345.2,buy
1501013765,0.063948359,131345.2,buy
1501013861,0.063948359,131345.2,buy
1501013938,0.063948359,131345.2,buy
1501014128,0.064299963,130626.98,buy
1501014373,1.148,130626.98,buy
1501015725,0.3388,130935.57,buy
1501016353,0.061,130000.0,sell
1501016623,2.33205681,128264.8,buy
1501016702,0.14,128000.0,sell
1501016798,2.0,128457.19,buy
1501018548,0.0688,130884.99,buy
1501018927,2.34585345,130884.99,buy
1501018927,0.17414655,131362.5,buy
1501019324,1.008064516,131362.5,buy
1501019837,2.0,131976.12,buy
1501019867,5.0,131976.12,buy
1501020206,2.52394556,133252.43,buy
1501020206,1.878974883,133452.3,buy
1501020337,1.194461228,133452.3,buy
1501020806,0.151217208,132722.99,buy
1501020809,1.55,132722.99,buy
1501021048,0.207,130186.36,sell
1501024549,0.36777442,133050.74,buy
1501025691,1.0081,134417.67,buy
1501026102,0.066855203,134619.29,buy
1501026815,1.08950652,137677.01,buy
1501028643,2.19572472,135911.66,sell
1501028643,4.59027528,135708.09,sell
1501029704,0.36207347,138093.52,buy
1501030748,0.00584,138093.52,buy
1501035883,0.05,135416.0,sell
1501038085,2.62636943,131835.75,buy
1501038085,4.38999059,132033.5,buy
1501038085,2.69753726,132420.79,buy
1501038112,0.064217031,132420.79,buy
1501038169,0.064217031,132420.79,buy
1501038221,0.064217031,132420.79,buy
1501038278,0.064217031,132420.79,buy
1501038338,0.064217031,132420.79,buy
1501038398,0.064208573,132420.79,buy
1501038457,0.064179499,132420.79,buy
1501038591,0.064294415,132184.11,buy
1501038645,0.064294415,132184.11,buy
1501038706,0.064294415,132184.11,buy
1501038766,0.064294415,132184.11,buy
1501038821,0.064294415,132184.11,buy
1501038873,0.064294415,132184.11,buy
1501038904,0.007565206,132184.11,buy
1501038928,0.064294415,132184.11,buy
1501038980,0.064294415,132184.11,buy
1501039048,0.002520161,132184.11,buy
1501040069,0.1796,131100.0,sell
1501040635,0.097079556,132143.26,buy
1501048752,0.377011469,132621.96,buy
1501067967,0.5,133919.68,buy
1501068786,0.005,132621.96,sell
1501069040,0.004,133919.68,buy
1501069201,0.004,132692.97,sell
1501069271,0.003,133919.68,buy
1501069940,0.3961,133428.83,sell
1501070809,1.4626,134745.62,sell
1501070967,2.3740678,136517.98,buy
1501070967,1.2859322,136722.75,buy
1501076068,0.366277291,132866.55,buy
1501079048,0.495,132621.96,sell
1501079048,0.0525,132143.0,sell
1501080553,0.425112851,132844.54,buy
1501082192,0.733937562,132697.22,buy
1501083823,0.1626,132143.0,sell
1501085761,0.07523221,132921.79,buy
1501086054,1.008064516,132921.79,buy
1501087856,0.0653,132143.0,sell
1501087954,2.43379181,132406.65,buy
1501087954,2.808143673,132575.3,buy
1501088630,1.5,132334.37,buy
1501088985,0.7196,132143.0,sell
1501089152,0.5041,131179.14,buy
1501089427,1.261,131179.14,buy
1501089451,0.50335,131000.0,sell
1501089584,1.0,130560.21,buy
1501089960,2.3204403,130300.54,buy
1501089960,0.6987597,130495.99,buy
1501090248,1.0,130495.99,buy
1501093689,0.3817,131746.52,buy
1501094572,1.95725402,131746.52,buy
1501094572,4.22005453,131933.73,buy
1501094572,0.26269145,131991.39,buy
1501095923,0.061393658,130306.62,buy
1501096019,2.465890702,130306.62,buy
1501096019,0.234109298,130502.07,buy
1501096146,0.019,130502.07,buy
1501096171,0.076619474,130502.07,buy
1501096346,0.001008,130502.07,buy
1501096577,0.5036,130502.07,buy
1501096765,0.76627137,130502.07,buy
1501097127,2.30439804,130571.18,buy
1501097127,10.20668496,131082.24,buy
1501097319,0.010070493,131120.74,buy
1501097394,4.701370877,131120.74,buy
1501097394,2.4759037,131140.74,buy
1501097394,4.255547542,131325.27,buy
1501097492,2.5,131325.27,buy
1501099551,2.4709,130511.35,buy
1501099585,2.118e-05,130511.35,buy
1501099585,4.34317882,130707.11,buy
1501099749,7.682e-05,130707.11,buy
1501099749,0.83212318,131033.48,buy
1501100031,2.0,130709.92,buy
1501100112,0.56323589,130709.92,buy
1501100112,0.43676411,130905.98,buy
1501100132,0.305,130905.98,buy
1501100485,0.67,130347.35,buy
1501100721,1.6922,130347.35,buy
1501100745,3.32e-06,130347.35,buy
1501100745,4.15429668,130905.98,buy
1501100893,0.019052419,130676.5,buy
1501100935,0.171370967,130676.5,buy
1501100936,1.7999,130676.5,buy
1501101021,0.0091,130676.5,buy
1501101051,1.0,129600.0,sell
1501101639,0.00453629,131861.51,buy
1501102324,1.0,131586.77,buy
1501102395,2.0,131586.77,buy
1501102629,0.9682,131861.51,buy
1501104041,5.210214319,133113.91,buy
1501104911,2.3662,131648.77,buy
1501104948,2.5,130000.0,sell
1501105021,7.19,129960.0,sell
1501105446,0.0013,131259.23,buy
1501105786,0.69628,131259.23,buy
1501105901,1.882607,131259.23,buy
1501105901,0.060023456,131456.11,buy
1501106171,2.2907908,131263.1,buy
1501106171,2.901152805,131456.11,buy
1501108326,1.6359,131423.58,buy
1501108371,0.8124,131423.58,buy
1501108646,2.4509,131390.69,buy
1501109778,0.151209677,131282.19,buy
1501109878,1.008,131282.19,buy
1501112683,1.00999,133147.14,buy
1501116246,0.52,131469.8,sell
1501118203,0.074788306,133717.05,buy
1501119679,0.0634,132026.71,sell
1501122375,0.3747,133316.9,buy
1501122648,0.2,130964.65,sell
1501123631,0.05,130964.65,sell
1501126458,0.01,132084.07,buy
1501164871,2.27803498,134418.21,buy
1501164871,2.10376673,134897.38,buy
1501166012,0.455,133084.07,sell
1501166012,0.1742,132916.0,sell
1501167258,0.063864667,131665.29,sell
1501169433,6.8,142000.0,buy
1501169433,0.240559441,143000.0,buy
1501171763,0.0011,135000.0,sell
1501171763,0.0011,134000.0,sell
1501171763,0.0011,133000.0,sell
1501174481,0.0011,132000.0,sell
1501174481,2.6156,131600.0,sell
1501174649,0.01,140484.54,buy
1501174649,0.33984999,142990.0,buy
1501175702,0.225642325,132953.78,buy
1501175743,2.0,132953.78,buy
1501176016,0.349208404,133152.58,buy
1501176102,3.729838709,133152.58,buy
1501177825,0.5041,132952.44,buy
1501178651,0.05,136227.49,buy
1501178651,0.299798386,142899.0,buy
1501178713,0.375884117,133019.72,buy
1501178956,1.892399083,133019.72,buy
1501179051,0.146169354,133219.24,buy
1501180410,0.074447004,134323.74,buy
1501180987,1.008064516,134323.74,buy
1501181564,0.476,134325.3,buy
1501182372,1.984,133019.72,sell
1501182989,0.22335029,134318.16,buy
1501184273,0.037225048,134318.16,buy
1501185553,2.041142402,134318.16,buy
1501185553,0.658857598,134451.37,buy
1501188293,2.26597013,134241.79,buy
1501188293,2.23402987,134440.95,buy
1501191781,0.4,133019.72,sell
1501197276,2.27760409,134888.98,buy
1501197276,1.42339591,135453.89,buy
1501198271,4.35845245,134836.24,buy
1501198271,2.23640281,135025.05,buy
1501198271,3.47614474,135310.37,buy
1501202438,2.2171,134335.94,buy
1501209928,2.0,134597.46,buy
1501210022,0.28941958,134597.46,buy
1501210022,3.419121397,134843.08,buy
1501210027,0.686693213,134843.08,buy
1501210027,0.333306787,135442.73,buy
1501213211,3.8444,133020.0,sell
1501214981,0.030768707,134454.79,buy
1501221953,0.445310127,134737.56,buy
1501227560,0.05,133020.0,sell
1501227612,0.05,133020.0,sell
1501227671,0.05,133020.0,sell
1501227746,0.05,133020.0,sell
1501227797,0.05,133020.0,sell
1501227853,0.05,133020.0,sell
1501227906,0.05,133020.0,sell
1501227967,0.05,133020.0,sell
1501228839,0.05,133020.0,sell
1501228894,0.05,133020.0,sell
1501228946,0.05,133020.0,sell
1501228996,0.05,133020.0,sell
1501229060,0.05,133020.0,sell
1501229117,0.05,133020.0,sell
1501229169,0.05,133020.0,sell
1501229248,0.05,133020.0,sell
1501229318,0.05,133020.0,sell
1501229365,0.05,133020.0,sell
1501229485,0.05,133020.0,sell
1501242789,1.397,133020.0,sell
1501243370,0.262096774,134261.19,buy
1501243459,1.75,133020.0,sell
1501243902,4.473,140233.0,buy
1501243902,0.56732258,149500.0,buy
1501244664,0.2,134269.49,buy
1501244729,0.02,133808.0,sell
1501244729,1.7237,133020.0,sell
1501245443,0.0198,148090.0,buy
1501245443,0.181812903,149500.0,buy
1501245702,0.02,134319.36,buy
1501246386,0.2,134268.0,sell
1501246386,0.02,133404.0,sell
1501246386,1.275,133020.0,sell
1501246495,3.9623,133020.0,sell
1501246751,1.9976,133020.0,sell
1501246751,0.9924,133019.72,sell
1501247246,1.3888,133019.72,sell
1501247641,0.1746,133019.72,sell
1501247779,0.684800917,133019.72,sell
1501247779,3.1,131999.0,sell
1501247779,0.215199083,131600.0,sell
1501247948,1.369200917,131600.0,sell
1501247948,2.630799083,130964.65,sell
1501248578,0.004868951,131937.29,buy
1501248583,0.369200917,130964.65,sell
1501248684,3.4955,130657.0,sell
1501248696,0.05,130657.0,sell
1501248752,0.05,130657.0,sell
1501248804,0.05,130657.0,sell
1501248862,0.05,130657.0,sell
1501248920,0.05,130657.0,sell
1501248948,3.5216,130657.0,sell
1501248973,0.05,130657.0,sell
1501249023,0.05,130657.0,sell
1501249083,0.05,130657.0,sell
1501249134,0.05,130657.0,sell
1501249193,0.05,130657.0,sell
1501249261,0.05,130657.0,sell
1501249369,0.05,130657.0,sell
1501249585,3.5612,130657.0,sell
1501250648,0.05,130657.0,sell
1501250700,0.05,130657.0,sell
1501250784,0.05,130657.0,sell
1501250838,0.05,130657.0,sell
1501250895,0.05,130657.0,sell
1501250949,0.05,130657.0,sell
1501250998,0.05,130657.0,sell
1501251045,0.05,130657.0,sell
1501251090,0.05,130657.0,sell
1501251143,0.05,130657.0,sell
1501251233,0.05,130657.0,sell
1501251302,0.05,130657.0,sell
1501252611,0.154307002,130657.0,sell
1501253383,2.33642041,131924.19,buy
1501253383,4.22059141,132122.15,buy
1501253383,1.012019503,132542.92,buy
1501254829,1.0,130660.0,sell
1501258410,8.5,130660.0,sell
1501258410,0.21167234,130657.0,sell
1501258576,0.05,130657.0,sell
1501258653,0.05,130657.0,sell
1501259496,0.05,130657.0,sell
1501261516,1.5,130657.0,sell
1501261856,0.8927,131500.0,buy
1501262021,1.0071,132000.0,buy
1501262550,1.0,131990.0,buy
1501262550,1.9929,132000.0,buy
1501262550,2.306599,132274.99,buy
1501262550,4.19032353,132473.4,buy
1501262550,11.65887537,132753.98,buy
1501262550,6.379456482,132932.04,buy
1501262550,11.68224487,133099.44,buy
1501262550,0.5943145,133516.5,buy
1501262550,0.14575675,133996.41,buy
1501262550,0.049529498,136000.0,buy
1501263884,0.6094,131001.0,sell
1501264426,2.3906,131001.0,sell
1501264426,5.1,131000.0,sell
1501264426,2.33,130657.0,sell
1501264426,1.8224,130657.0,sell
1501265114,2.8,131002.0,sell
1501265149,1.1993,130657.0,sell
1501265193,2.0658e-05,130657.0,sell
1501265193,2.498979342,130100.0,sell
1501265232,2.0658e-05,130100.0,sell
1501265232,2.3,130000.0,sell
1501265232,1.171679342,130000.0,sell
1501265347,2.3471181,132172.74,buy
1501265347,4.54235281,132370.99,buy
1501265347,3.19117425,132651.14,buy
1501265908,0.05,130000.0,sell
1501265963,0.05,130000.0,sell
1501266009,0.05,130000.0,sell
1501266055,0.05,130000.0,sell
1501266104,0.05,130000.0,sell
1501266150,0.05,130000.0,sell
1501266195,0.05,130000.0,sell
1501266244,0.05,130000.0,sell
1501266283,6.6419,130000.0,sell
1501266291,0.05,130000.0,sell
1501266340,0.05,130000.0,sell
1501266389,0.05,130000.0,sell
1501267065,0.05,130000.0,sell
1501267109,0.05,130000.0,sell
1501267156,0.05,130000.0,sell
1501267269,0.05,130000.0,sell
1501274416,0.211693548,131274.02,buy
1501274500,2.02,131274.02,buy
1501274535,0.067185102,131274.02,buy
1501274535,4.40069362,131474.34,buy
1501274535,4.428156153,132022.44,buy
1501274767,6.581257947,132022.44,buy
1501274767,0.991881889,132199.48,buy
1501277623,0.226239053,131277.07,buy
1501278549,0.05,131000.0,sell
1501278740,0.05,131000.0,sell
1501278790,0.05,131000.0,sell
1501278837,0.05,131000.0,sell
1501278884,0.05,131000.0,sell
1501278935,0.05,131000.0,sell
1501278968,0.245,131000.0,sell
1501278986,0.05,131000.0,sell
1501279017,0.02,131000.0,sell
1501279037,0.05,131000.0,sell
1501279060,0.02,131000.0,sell
1501279085,0.05,131000.0,sell
1501279134,0.05,131000.0,sell
1501279182,0.05,131000.0,sell
1501279228,0.05,131000.0,sell
1501279277,0.05,131000.0,sell
1501279325,0.05,131000.0,sell
1501279372,0.05,131000.0,sell
1501279424,0.05,131000.0,sell
1501279461,0.02,131000.0,sell
1501279472,0.05,131000.0,sell
1501279520,0.05,131000.0,sell
1501279543,0.02,131000.0,sell
1501279568,0.05,131000.0,sell
1501279614,0.05,131000.0,sell
1501279661,0.05,131000.0,sell
1501279711,0.05,131000.0,sell
1501279712,0.02,131000.0,sell
1501279759,0.05,131000.0,sell
1501279807,0.05,131000.0,sell
1501279812,0.02,131000.0,sell
1501279858,0.05,131000.0,sell
1501279918,0.05,131000.0,sell
1501279971,0.05,131000.0,sell
1501280021,0.05,131000.0,sell
1501280071,0.05,131000.0,sell
1501280114,0.02,131000.0,sell
1501280118,0.05,131000.0,sell
1501280171,0.05,131000.0,sell
1501280177,1.0,131000.0,sell
1501280179,0.02,131000.0,sell
1501280220,0.05,131000.0,sell
1501280261,0.02,131000.0,sell
1501280278,0.05,131000.0,sell
1501280329,0.05,131000.0,sell
1501280375,0.05,131000.0,sell
1501280408,0.02,131000.0,sell
1501280428,0.05,131000.0,sell
1501280471,0.02,131000.0,sell
1501280477,0.05,131000.0,sell
1501280527,0.05,131000.0,sell
1501280574,0.05,131000.0,sell
1501280620,0.05,131000.0,sell
1501280668,0.05,131000.0,sell
1501280814,0.05,131000.0,sell
1501280879,0.05,131000.0,sell
1501280947,0.05,131000.0,sell
1501281011,0.05,131000.0,sell
1501281072,0.05,131000.0,sell
1501281119,1.008064516,131951.91,buy
1501281187,0.05,131000.0,sell
1501281655,1.0,131000.0,sell
1501282145,0.06829695,131777.48,buy
1501284456,0.0303542,131777.48,buy
1501284702,0.227656501,131777.48,buy
1501285066,2.098980109,131777.48,buy
1501285066,0.301019891,131978.42,buy
1501285579,2.074232204,131780.81,buy
1501286407,0.05,131000.0,sell
1501286474,0.05,131000.0,sell
1501286542,0.05,131000.0,sell
1501286611,0.035,131000.0,sell
1501286611,0.015,130500.0,sell
1501286683,0.05,130500.0,sell
1501286753,0.05,130500.0,sell
1501286824,0.05,130500.0,sell
1501287611,0.1168,130500.0,sell
1501289863,0.575,131759.44,buy
1501293175,0.019,131000.0,sell
1501293175,3.6,130600.0,sell
1501293175,5.0,130500.0,sell
1501293175,2.0,130050.0,sell
1501293175,7.69,130000.0,sell
1501293175,5.1,129990.0,sell
1501293175,0.081,127600.0,sell
1501293232,0.05,127600.0,sell
1501296481,0.0566,127600.0,sell
1501300041,0.038819011,128802.87,buy
1501300315,0.05,127600.0,sell
1501300390,0.05,127600.0,sell
1501300474,0.05,127600.0,sell
1501300549,0.05,127600.0,sell
1501300652,0.05,127600.0,sell
1501300719,0.05,127600.0,sell
1501300722,3.5175,127600.0,sell
1501300737,2.0,127000.0,sell
1501301099,1.5289,125000.0,sell
1501303097,0.05,125000.0,sell
1501315569,0.05,125000.0,sell
1501315642,0.05,125000.0,sell
1501315708,0.05,125000.0,sell
1501320843,0.5041,126208.04,buy
1501333425,0.277307609,126213.63,buy
1501335837,0.8615,126213.63,buy
1501337673,0.48,126193.35,buy
1501337811,0.02,126020.0,sell
1501337811,0.03,125000.0,sell
1501338158,0.05,125000.0,sell
1501338247,0.05,125000.0,sell
1501338321,0.05,125000.0,sell
1501338404,0.05,125000.0,sell
1501338487,0.05,125000.0,sell
1501338548,0.0021,125000.0,sell
1501338548,0.0479,125000.0,sell
1501338609,0.05,125000.0,sell
1501338666,0.05,125000.0,sell
1501338723,0.05,125000.0,sell
1501338781,0.05,125000.0,sell
1501338839,0.05,125000.0,sell
1501338901,0.05,125000.0,sell
1501338960,0.05,125000.0,sell
1501339020,0.05,125000.0,sell
1501339080,0.05,125000.0,sell
1501339136,0.05,125000.0,sell
1501339194,0.05,125000.0,sell
1501339266,0.05,125000.0,sell
1501339324,0.05,125000.0,sell
1501339382,0.05,125000.0,sell
1501339439,0.05,125000.0,sell
1501339505,0.05,125000.0,sell
1501339655,0.15,125000.0,sell
1501339715,0.15,125000.0,sell
1501339748,0.15,125000.0,sell
1501339776,0.15,125000.0,sell
1501339805,0.15,125000.0,sell
1501339833,0.15,125000.0,sell
1501339854,1.8915279,126193.35,buy
1501339854,4.43812629,126380.98,buy
1501339854,3.67034581,127102.19,buy
1501339879,1.0,127102.19,buy
1501339903,0.5,127102.19,buy
1501339926,0.343716248,125815.99,buy
1501341501,3.0,125000.0,sell
1501341793,0.2849,125000.0,sell
1501341793,0.50333,123898.0,sell
1501341793,0.2045,123210.0,sell
1501342191,0.7752,122000.0,sell
1501343791,2.06958897,121701.83,buy
1501343791,1.95860841,121884.38,buy
1501343937,2.75905941,122197.04,buy
1501343937,4.96259323,122380.33,buy
1501343937,4.185799525,123258.99,buy
1501344164,2.50931197,122292.65,buy
1501344164,3.403376851,122476.08,buy
1501345326,2.5,122502.12,buy
1501345885,2.5,122467.17,buy
1501346626,0.363,122521.04,buy
1501346807,2.15548328,122521.04,buy
1501346807,4.53240463,122638.02,buy
1501346986,1.0,122970.61,buy
1501346990,4.066,122970.61,buy
1501347038,0.46,122970.61,buy
1501352108,1.17,127887.84,buy
1501353104,1.008064516,125208.13,buy
1501353652,0.0199,127213.96,buy
1501354051,0.395,127985.52,buy
1501355201,0.050403225,130783.65,buy
1501355257,2.451849085,130783.65,buy
1501356882,1.053,133090.51,buy
1501359100,0.264471069,130679.7,buy
1501366813,0.023,130166.18,sell
1501366928,0.143504531,132255.76,buy
1501369461,0.187724359,133173.98,buy
1501370793,3.03,137480.0,buy
1501371905,2.22471941,136126.65,sell
1501371905,4.07931503,135922.76,sell
1501371905,2.00526556,135421.7,sell
1501373336,6.4272,137480.0,buy
1501373336,5.0,137489.0,buy
1501373336,2.32492237,138146.44,buy
1501373336,4.62391601,138353.65,buy
1501373336,11.74934782,138685.89,buy
1501373336,10.62845528,138986.48,buy
1501373336,9.76615852,139269.54,buy
1501373591,0.142858163,139999.0,buy
1501373771,0.3387,138500.0,sell
1501373773,4.8571,139999.0,buy
1501373827,4.1837e-05,139999.0,buy
1501373827,0.131158163,140000.0,buy
1501373848,4.1837e-05,140000.0,buy
1501373934,1.008064516,140277.25,buy
1501373941,1.272069454,140277.25,buy
1501374153,2.0,140209.82,buy
1501374276,0.293,140209.82,buy
1501374336,1.085e-05,140209.82,buy
1501374336,2.49998915,140420.13,buy
1501376146,0.5,136630.0,sell
1501377452,2.34444456,136630.0,sell
1501377744,0.10555544,136630.0,sell
1501377744,2.36284102,133122.57,sell
1501377744,1.53160354,132446.53,sell
1501378648,2.21011788,134726.36,buy
1501378648,0.78988212,134928.44,buy
1501378985,0.037269591,134157.63,buy
1501382004,0.157791615,133086.92,buy
1501395219,2.5793,131344.07,sell
1501395242,6.788e-05,131344.07,sell
1501395242,4.79263212,131147.34,sell
1501395249,0.187050514,133648.39,buy
1501395264,7.784e-05,131147.34,sell
1501395264,2.60792216,131001.0,sell
1501418626,0.049,135293.49,buy
1501418718,0.0976,133600.23,sell
1501423691,2.29348604,132509.58,sell
1501423691,4.34701832,132311.11,sell
1501423691,11.40472993,131977.4,sell
1501423691,11.79339369,131687.23,sell
1501423691,12.27569781,131360.97,sell
1501423691,8.00147421,131090.0,sell
1501429877,2.0192,133497.65,buy
1501432054,0.302494974,133300.0,sell
1501434976,0.0659,133300.0,sell
1501435465,1.6316,133300.0,sell
1501435475,5.026e-06,133300.0,sell
1501435475,0.066994974,131001.0,sell
1501437235,0.052366565,132424.65,buy
1501440418,1.05263,132625.58,buy
1501446704,2.36024803,133320.98,buy
1501446704,1.068640744,134123.11,buy
1501449816,0.1886,132714.31,buy
1501450181,0.15,131800.0,sell
1501450437,0.89,132714.31,buy
1501451015,2.38713895,132682.22,buy
1501451015,2.833664679,133349.97,buy
1501451542,1.007049345,132680.39,buy
1501452435,2.3,132677.86,buy
1501452556,0.22853165,132677.86,buy
1501452556,0.072841195,132876.87,buy
1501455025,0.15,131800.0,sell
1501455132,0.15,131800.0,sell
1501455200,0.15,131800.0,sell
1501455499,0.15,131800.0,sell
1501455684,0.15,131800.0,sell
1501455749,0.15,131800.0,sell
1501455815,0.15,131800.0,sell
1501455880,0.15,131800.0,sell
1501455951,0.15,131800.0,sell
1501456020,0.15,131800.0,sell
1501456090,0.15,131800.0,sell
1501456159,0.15,131800.0,sell
1501456942,0.1503,132521.98,buy
1501457400,0.05,131800.0,sell
1501457400,0.1,131102.0,sell
1501457470,0.15,131102.0,sell
1501457537,0.15,131102.0,sell
1501460174,4.296768,132501.16,buy
1501460174,2.14452824,132521.98,buy
1501460174,10.91659589,132852.39,buy
1501460174,11.20933145,133103.36,buy
1501460174,9.739228031,133486.76,buy
1501460749,0.529105648,132298.72,buy
1501461890,0.15,131102.0,sell
1501461974,0.0602,131102.0,sell
1501461974,0.0898,131001.0,sell
1501462043,0.15,131001.0,sell
1501462115,0.15,131001.0,sell
1501462182,0.15,131001.0,sell
1501462257,0.15,131001.0,sell
1501462327,0.15,131001.0,sell
1501462733,0.15,131001.0,sell
1501462929,0.377932606,132298.72,buy
1501463090,0.15,131001.0,sell
1501463457,0.15,131001.0,sell
1501463585,0.075595149,132283.62,buy
1501463697,0.15,131001.0,sell
1501463977,0.15,131001.0,sell
1501464059,0.15,131001.0,sell
1501464696,0.15,131002.0,sell
1501464748,2.37983786,132282.51,buy
1501464748,2.26016214,132482.04,buy
1501464775,0.15,131002.0,sell
1501464820,0.15,131002.0,sell
1501466012,0.15,131002.0,sell
1501466061,0.15,131002.0,sell
1501468872,1.008064516,132478.99,buy
1501471322,0.15,131278.99,sell
1501472767,0.7683796,132599.01,buy
1501473441,0.613,131578.0,sell
1501478020,1.008064516,131278.19,buy
1501488833,1.218802558,131276.39,buy
1501503208,1.0081,131216.85,buy
1501503463,1.05,130003.0,sell
1501503463,0.2507,130001.0,sell
1501504318,0.15,130001.0,sell
1501505169,0.38219436,130823.49,buy
1501505448,0.764388719,130823.49,buy
1501505550,0.15,130001.0,sell
1501505629,0.15,130001.0,sell
1501505761,0.15,130002.0,sell
1501505821,0.15,130002.0,sell
1501505892,0.15,130002.0,sell
1501505951,0.15,130002.0,sell
1501506026,0.15,130002.0,sell
1501506097,0.15,130002.0,sell
1501506174,0.15,130002.0,sell
1501506238,0.15,130002.0,sell
1501506298,0.15,130002.0,sell
1501506364,0.15,130002.0,sell
1501506423,0.15,130002.0,sell
1501509159,2.0,131299.62,buy
1501509209,0.40144209,131299.62,buy
1501509209,4.28322307,131496.56,buy
1501509209,11.07947766,131793.04,buy
1501509209,3.88585718,132116.15,buy
1501509979,2.41514522,130803.44,buy
1501509979,2.168637257,130999.64,buy
1501510418,0.370124843,130799.11,buy
1501510472,2.0,130100.0,sell
1501511164,0.0693,130001.0,sell
1501512222,4.83530132,129455.61,buy
1501512222,2.49792369,129637.18,buy
1501512222,11.1485511,130204.26,buy
1501512222,4.42695358,130245.55,buy
1501512222,0.16127031,130407.35,buy
1501513427,0.0208,128000.0,sell
1501513505,0.021781487,129008.64,buy
1501513577,2.665372453,129008.64,buy
1501513577,4.9015586,129202.15,buy
1501513577,11.58905034,129399.31,buy
1501513577,5.844018607,129683.35,buy
1501513913,2.31143724,129263.43,buy
1501513913,1.548337172,129955.99,buy
1501514805,0.076764281,130268.92,buy
1501515468,2.239578429,130268.92,buy
1501515468,4.81544001,130561.01,buy
1501515468,2.944981561,131040.08,buy
1501515546,1.938069417,131140.45,buy
1501516142,0.3156,130466.61,buy
1501516357,0.3,130466.61,buy
1501516726,0.08431276,130466.61,buy
1501517201,1.455,130370.84,buy
1501517280,1.00324145,130370.84,buy
1501517280,0.45675855,130566.39,buy
1501517492,0.083064516,130566.39,buy
1501517717,1.0,129100.0,sell
1501519059,2.43050813,131162.39,buy
1501519767,2.3,130949.09,buy
1501519769,0.16955268,130949.09,buy
1501519823,0.2894,129208.62,sell
1501519952,2.3801644,131154.75,buy
1501519952,2.6198356,131359.13,buy
1501522544,0.951,131517.15,buy
1501522655,0.228107056,131517.15,buy
1501523056,0.0979,130300.0,sell
1501523056,0.0521,129672.62,sell
1501523349,0.153726509,131402.19,buy
1501524129,0.714336738,139990.0,buy
1501525942,2.32909206,132657.76,buy
1501525942,11.59722591,132662.4,buy
1501525942,11.20411334,132804.44,buy
1501525942,4.43237868,132856.74,buy
1501525942,8.13189001,133753.39,buy
1501527150,2.23650373,134136.9,buy
1501527150,1.51349627,134338.1,buy
1501528829,2.28499046,133297.72,buy
1501528829,4.353417,133751.76,buy
1501528829,4.36159254,133865.03,buy
1501529365,1.791,133555.36,buy
1501529738,0.373940645,133711.06,buy
1501531434,0.19011,131499.0,sell
1501531555,2.0912187,131344.73,buy
1501531555,2.94910388,131541.74,buy
1501531790,0.1379,129677.0,sell
1501531790,0.0721,129604.13,sell
1501532551,1.87295448,131541.74,buy
1501532627,0.4219,131591.26,buy
1501532860,0.3387,131591.26,buy
1501533975,0.711379657,132551.26,buy
1501533997,0.2109,132551.26,buy
1501536626,2.3402,132871.74,buy
1501537091,0.12,131736.0,sell
1501538938,0.001760132,132944.57,buy
1501538949,1.0101,131736.0,sell
1501539622,0.593,132944.57,buy
1501539773,1.1204,132944.57,buy
1501540371,0.3769,133143.98,buy
1501542051,1.43896356,133830.53,buy
1501543403,2.016129032,133474.17,buy
1501543608,0.982056451,133288.73,buy
1501546713,2.20790209,134953.26,buy
1501546713,4.51248804,135155.68,buy
1501546713,0.939660032,135312.8,buy
1501547580,1.5,137415.06,buy
1501548206,0.036757301,137807.74,buy
1501549976,0.336,135515.45,sell
1501551081,0.050403225,136336.82,buy
1501551427,0.36,134377.66,sell
1501552216,2.4716772,138000.38,buy
1501553284,2.52522658,138139.02,buy
1501553284,4.556646531,138346.22,buy
1501553551,1.095669687,137605.25,buy
1501553609,0.073420164,137605.25,buy
1501553733,1.0,137605.25,buy
1501554231,2.27508943,137577.55,buy
1501554231,4.04719274,137811.65,buy
1501554231,0.67771783,138637.51,buy
1501554994,0.046038306,137541.12,buy
1501557706,1.090582947,137541.12,buy
1501560492,2.0,139999.0,buy
1501560805,0.3876,139999.0,buy
1501560805,2.12069542,141922.39,buy
1501560805,4.44147762,142135.27,buy
1501560805,3.85022696,142343.99,buy
1501561139,0.2366,140934.2,sell
1501561240,0.09,142990.0,buy
1501561524,1.6163438,142990.0,buy
1501562127,4.61,143000.0,buy
1501562536,1.350251762,143000.0,buy
1501562665,4.9,143000.0,buy
1501563149,0.0737,142771.24,buy
1501563279,2.29399212,142771.24,buy
1501563279,1.90600788,142985.39,buy
1501563821,0.073748238,143000.0,buy
1501563821,2.32189804,144628.98,buy
1501563821,3.13188145,144845.92,buy
1501564341,0.92,144461.92,buy
1501577322,1.698322723,147204.06,buy
1501577498,1.730820482,146751.21,buy
1501581867,2.13848593,145661.01,buy
1501581867,3.43271407,145879.5,buy
1501584147,1.0073,145092.8,buy
1501585688,2.14542688,142679.24,sell
1501585688,1.48757312,142465.54,sell
1501592440,4.0747252,142630.26,buy
1501592440,0.9252748,142960.26,buy
1501592451,2.0,142960.26,buy
1501592479,8.0,142960.26,buy
1501592555,0.42859539,142960.26,buy
1501592555,2.12967587,143079.1,buy
1501592555,4.22541334,143293.71,buy
1501592555,2.2163154,143804.15,buy
1501592915,1.0,147000.0,sell
1501593001,0.0193,147000.0,sell
1501593531,0.000783996,147921.68,buy
1501594416,2.0,146463.06,sell
1501594937,4.03351247,145677.27,sell
1501594937,2.1790267,145527.69,sell
1501594937,0.71546083,144993.86,sell
1501598670,1.01,144480.21,buy
1501599837,5.0,145000.0,buy
1501600236,1.008064516,146122.85,buy
1501600261,1.008064516,145748.37,buy
1501600962,1.878,145265.69,buy
1501601506,2.37554738,143095.58,sell
1501601506,4.40889598,142293.82,sell
1501601506,10.75368675,141876.87,sell
1501601506,2.10806989,141855.04,sell
1501602091,2.11473975,143113.63,sell
1501602091,4.10131987,142899.28,sell
1501602091,10.15701234,142706.65,sell
1501602091,6.55852804,142132.47,sell
1501604127,2.32848211,142204.42,sell
1501604127,4.03352856,141991.43,sell
1501604127,4.35158933,141675.78,sell
1501605369,2.18707757,143792.57,buy
1501605369,0.330545792,144008.25,buy
1501606811,0.172532781,144900.0,buy
1501608825,0.9,144900.0,buy
1501608825,3.827467219,144900.0,buy
1501608825,1.0274,147470.0,buy
1501608825,0.0058,147480.21,buy
1501608825,2.255423254,147500.0,buy
1501610710,0.0566,147490.0,buy
1501610710,0.828034373,147500.0,buy
1501613015,0.2143,146775.58,sell
1501613267,0.618125985,146775.58,sell
1501614244,1.0,147500.0,buy
1501614604,0.489642373,147500.0,buy
1501614735,0.784080464,147851.42,sell
1501614765,0.095164517,149500.0,buy
1501614765,0.53848959,149999.0,buy
1501614781,0.7121,147851.42,sell
1501616338,1.0,148721.09,sell
1501616361,1.0,148721.09,sell
1501616403,0.03761534,148721.09,sell
1501616403,0.25968466,148493.8,sell
1501616498,0.7,149721.09,sell
1501616850,2.27480994,148727.74,sell
1501616850,3.52192332,148493.8,sell
1501616850,8.00626674,148304.02,sell
1501617367,0.992,149721.09,buy
1501617367,1.52111041,149999.0,buy
1501617573,1.0,150000.0,buy
1501617765,0.993,151000.0,buy
1501617929,0.0015,151000.0,buy
1501618109,1.98788834,151329.31,sell
1501618109,3.01211166,151102.65,sell
1501618664,0.6589,151500.0,sell
1501618707,0.219799557,151347.53,sell
1501618778,1.0,151347.53,sell
1501619454,0.264821294,152263.36,sell
1501619587,1.810895066,152263.36,sell
1501619587,3.450604934,152035.3,sell
1501619710,0.0197,153232.0,buy
1501619710,0.1,153500.0,buy
1501619710,2.480098387,153780.0,buy
1501619763,0.006521584,153336.97,buy
1501620041,0.0058,149987.84,sell
1501620676,0.177859,153000.0,buy
1501621998,2.8389,152000.0,buy
1501622138,0.8048,150644.59,sell
1501622630,2.19131836,150622.02,sell
1501622630,3.90139691,150418.96,sell
1501622630,1.59608473,149736.96,sell
1501624195,3.3,150199.35,sell
1501624377,1.318595132,151676.58,buy
1501624571,0.4174,150000.0,sell
1501624936,1.9826,150000.0,sell
1501625982,1.04,148674.52,sell
1501626118,1.0,148674.52,sell
1501627928,4.08866584,151462.37,buy
1501627928,0.951656739,151596.93,buy
1501627947,0.377949606,151596.93,buy
1501628490,0.05,152000.0,buy
1501630189,1.0,149500.0,buy
1501630197,2.0,150856.77,buy
1501630207,0.03892584,150856.77,buy
1501630207,3.96107416,151083.05,buy
1501630220,0.26058136,151083.05,buy
1501630220,8.73941864,151164.2,buy
1501630236,0.8978,151164.2,buy
1501630254,7.926e-05,151164.2,buy
1501630254,9.04982074,151419.69,buy
1501630276,0.00015206,151419.69,buy
1501630276,7.99984794,151477.66,buy
1501631030,1.7124,151477.66,buy
1501631129,1.459e-05,151477.66,buy
1501631129,3.33607271,151898.9,buy
1501631445,0.93423645,151898.9,buy
1501631445,5.645332303,152000.0,buy
1501636164,1.0,148686.54,sell
1501636199,1.0,151569.73,buy
1501640951,1.0,147929.52,sell
1501641525,3.06837003,147929.52,sell
1501641525,0.60572997,147715.07,sell
1501644472,1.0189,148698.97,sell
1501647096,3.4511,148698.97,sell
1501648156,1.0,148698.97,sell
1501654742,0.7086,149150.0,buy
1501654742,0.296800469,149300.0,buy
1501661347,1.0463,148698.97,sell
1501670338,2.2296,148698.97,sell
1501670338,0.338,147600.0,sell
1501670338,2.13201503,144832.91,sell
1501670338,3.26038497,144831.03,sell
1501676558,3.398279899,147133.26,buy
1501679518,0.473790322,144541.71,buy
1501679844,1.756436238,144541.71,buy
1501679844,3.83861045,144758.52,buy
1501679844,10.01442644,145604.71,buy
1501679844,9.99242227,145956.7,buy
1501679844,8.898104602,146211.25,buy
1501682245,0.71,142946.65,sell
1501682986,0.068847532,145248.49,buy
1501683109,0.380068966,145000.0,buy
1501683694,0.849931034,145000.0,buy
1501683694,0.158133481,145248.49,buy
1501683888,0.137695063,145248.49,buy
1501683977,0.275390126,145248.49,buy
1501687069,0.136622332,145976.94,buy
1501687870,1.914079208,145976.94,buy
1501687870,4.931567226,146117.56,buy
1501687923,0.136876088,146117.56,buy
1501687961,0.064534611,146117.56,buy
1501690412,7.0,145000.0,sell
1501690479,1.0,145000.0,sell
1501690648,0.342019863,146190.34,buy
1501692294,0.31711,146429.27,buy
1501693289,0.283299531,149300.0,buy
1501693289,0.0199,151303.0,buy
1501693289,0.006695847,152000.0,buy
1501693623,0.31495505,147436.88,buy
1501693677,0.251189593,147436.88,buy
1501693767,1.650630997,147436.88,buy
1501693767,1.738043776,147658.03,buy
1501693780,0.202257946,147658.03,buy
1501694301,2.0,145000.0,sell
1501694301,3.87391495,144877.26,sell
1501694301,3.74956392,144680.44,sell
1501694486,0.339084569,147455.84,buy
1501695513,0.595,146094.0,sell
1501699443,0.2,146807.96,buy
1501700010,0.2,146807.96,buy
1501700082,0.2,146807.96,buy
1501700151,0.2,146807.96,buy
1501700222,0.2,146807.96,buy
1501700291,0.2,146807.96,buy
1501700373,0.2,147362.29,buy
1501700588,0.2,146874.39,buy
1501700685,0.2,146874.39,buy
1501700753,0.2,146874.39,buy
1501701502,0.015,146807.0,sell
1501704582,1.8998,146000.0,sell
1501706154,0.049,146000.0,sell
1501706912,0.341296928,146500.0,buy
1501708847,1.0,146000.0,sell
1501710901,2.758703072,146500.0,buy
1501710901,1.576176668,146666.3,buy
1501711945,0.341397413,146456.88,buy
1501712984,1.966316257,146456.88,buy
1501712984,0.049812775,146677.25,buy
1501720791,0.012705739,146469.24,buy
1501726038,0.013654744,146469.24,buy
1501728444,0.136549511,146467.02,buy
1501728674,0.341373778,146467.02,buy
1501731345,0.081929785,146466.88,buy
1501732645,0.1402,146000.0,sell
1501732710,7.5862,145000.0,sell
1501732748,0.02,144303.0,sell
1501732775,1.2486,143591.13,sell
1501737582,0.2,145853.43,buy
1501757793,1.9994579,149224.92,buy
1501757793,3.76909927,149434.82,buy
1501757793,1.947778117,150117.91,buy
1501762746,0.142514641,150117.91,buy
1501765555,0.6951,149062.93,sell
1501765858,0.018,150117.91,buy
1501765858,0.644350199,151000.0,buy
1501765986,3.165082,150741.47,buy
1501766232,0.046437122,150741.47,buy
1501770434,2.01593137,149868.97,buy
1501770434,3.80306516,150090.58,buy
1501770434,1.0031,150600.0,buy
1501770434,6.282742178,150660.18,buy
1501770919,1.7,149862.0,buy
1501771084,2.0,149861.93,buy
1501772549,0.033364044,149861.93,buy
1501772611,2.1919,148400.0,sell
1501779799,1.1382,149200.0,sell
1501780225,0.200184263,149861.93,buy
1501781043,0.8618,149200.0,sell
1501781043,0.9553,149000.0,sell
1501781290,0.6656,149000.0,sell
1501782694,0.536583239,149091.5,buy
1501783370,0.9001,149000.0,sell
1501786470,2.14177237,146054.66,sell
1501786470,0.04022763,145617.54,sell
1501786608,2.6,145617.54,sell
1501787081,0.0101,147301.0,buy
1501787642,0.0396,147301.0,buy
1501787642,2.12921387,148345.87,buy
1501787642,0.123384873,148371.55,buy
1501787654,3.024193548,148371.55,buy
1501790209,0.3327,148371.55,buy
1501790209,2.13414577,148722.01,buy
1501790209,1.566845153,148861.13,buy
1501790799,2.3584321,147079.61,sell
1501790799,1.9315679,146859.32,sell
1501798887,0.0135,148351.61,buy
1501802112,2.00375192,148653.06,buy
1501802112,1.3556,148710.0,buy
1501802112,3.73934808,148876.03,buy
1501807528,1.088709677,149050.01,buy
1501809109,0.3392,147265.88,sell
1501812189,0.0135,149859.32,buy
1501812189,0.119956416,149861.93,buy
1501813450,0.036,149861.93,buy
1501814593,0.341597337,147551.56,sell
1501819271,0.8468,147551.56,sell
1501823778,0.67114,149000.0,buy
1501838190,1.008064516,149000.0,buy
1501845017,1.36,148057.08,buy
1501847306,0.101745567,147426.57,buy
1501851498,0.165,147318.8,buy
1501854266,3.80824134,147855.38,buy
1501854266,2.02888435,148035.93,buy
1501854266,0.916666107,149000.0,buy
1501854441,0.6,146000.0,sell
1501854441,0.5,146000.0,sell
1501854441,3.81415222,145915.3,sell
1501854441,2.06895429,145839.28,sell
1501854441,0.01189349,145319.0,sell
1501859751,0.765,146320.0,sell
1501859884,3.2494,146320.0,sell
1501859884,2.2219654,146181.1,sell
1501859884,3.97810912,146087.4,sell
1501860351,2.0,145996.31,sell
1501860518,2.1330584,145907.39,sell
1501860518,0.4999416,145900.0,sell
1501860956,2.04165327,146063.69,sell
1501860956,5.84e-05,145900.0,sell
1501860956,4.23658772,145777.64,sell
1501860956,1.54260061,145359.41,sell
1501861241,0.76492548,146087.0,buy
1501862281,0.0797,146154.63,sell
1501863702,0.135333078,147783.53,buy
1501863922,0.013794585,146153.0,sell
1501867381,0.338332695,147783.53,buy
1501876776,0.016704867,148340.0,buy
1501877028,1.967295133,148340.0,buy
1501877028,1.401535397,148530.99,buy
1501877560,1.347209501,148455.01,buy
1501877650,0.376,148454.93,buy
1501878460,1.7872961,148454.93,buy
1501878460,3.92306322,148675.6,buy
1501878460,1.013431001,149000.0,buy
1501879133,2.21313064,148451.69,buy
1501879133,1.153238662,148674.36,buy
1501880364,0.14,147000.0,sell
1501881122,0.336949929,148390.0,buy
1501881678,1.3477,148400.0,buy
1501882787,0.1154,147000.0,sell
1501886837,0.948,147000.0,sell
1501892368,0.4,147000.0,sell
1501892368,0.6,147000.0,sell
1501902664,1.0,148390.0,buy
1501903079,0.339717741,148400.0,buy
1501903335,0.15,148390.0,sell
1501903474,0.15,148390.0,sell
1501903624,0.047,148390.0,sell
1501903624,0.103,147000.0,sell
1501904265,2.312582259,148400.0,buy
1501904265,4.0,148900.0,buy
1501904265,0.390898376,149000.0,buy
1501904265,2.590995277,149861.93,buy
1501904265,4.0,150000.0,buy
1501904265,0.0683,150000.0,buy
1501904265,2.27427495,150257.13,buy
1501904265,0.8575,150741.47,buy
1501904265,3.475449138,150881.1,buy
1501904755,0.5964,150337.75,buy
1501905035,0.0135,150337.75,buy
1501905436,0.25,151489.8,buy
1501906499,0.5815,149354.32,sell
1501910609,1.98235404,150694.32,sell
1501910609,0.01764596,149860.73,sell
1501911390,0.426619848,147628.39,sell
1501911390,1.292638818,147596.5,sell
1501911390,4.103919509,147000.0,sell
1501911562,0.111680491,147000.0,sell
1501911562,0.691719509,146800.0,sell
1501912011,1.9823,150083.51,sell
1501912084,0.0374,151300.0,buy
1501912112,0.0374,150083.51,sell
1501927252,1.756989745,151150.0,buy
1501930317,2.4317,150084.0,sell
1501932966,0.243010255,151150.0,buy
1501932966,0.102989745,151300.0,buy
1501934695,0.324,151300.0,buy
1501935940,1.535610255,151300.0,buy
1501936476,0.20029248,153999.99,buy
1501936528,0.20029248,153999.99,buy
1501936570,0.20029248,153999.99,buy
1501936613,0.20029248,153999.99,buy
1501936653,0.20029248,153999.99,buy
1501940007,0.0111376,153999.99,buy
1501940007,0.3448624,153999.99,buy
1501940611,0.201314818,153999.99,buy
1501940651,0.201314818,153999.99,buy
1501940695,0.201314818,153999.99,buy
1501940857,0.052,153415.0,sell
1501942628,0.051255546,153999.99,buy
1501942628,0.070204454,154989.0,buy
1501943813,1.5,153415.1,sell
1501943874,0.1322,153415.1,sell
1501944963,0.203102783,154500.0,buy
1501945010,0.203102783,154500.0,buy
1501945068,0.203102783,154500.0,buy
1501945117,0.203102783,154500.0,buy
1501947938,0.201622394,154500.0,buy
1501947992,0.201622394,154500.0,buy
1501948041,0.201622394,154500.0,buy
1501948087,0.201622394,154500.0,buy
1501948206,0.116699292,154500.0,buy
1501948452,0.201869229,154989.0,buy
1501948461,0.298130771,154989.0,buy
1501948561,0.201869229,154989.0,sell
1501948571,0.298130771,154989.0,buy
1501948578,0.101269229,154989.0,sell
1501948671,0.201920038,154950.0,buy
1501948733,0.201920038,154950.0,buy
1501948777,0.201920038,154950.0,buy
1501949088,0.092970657,154950.0,buy
1501949088,1.0477,154990.0,buy
1501949583,0.015,156060.0,buy
1501949583,0.0198,156807.0,buy
1501951172,0.5,157093.29,sell
1501951189,0.784812,158000.0,buy
1501951792,1.215188,158000.0,buy
1501951792,0.3685,159490.0,buy
1501951792,0.2973,160000.0,buy
1501951792,1.0,160000.0,buy
1501951792,1.06,160000.0,buy
1501951792,0.1989,160000.0,buy
1501952129,0.4312,160001.0,sell
1501952198,5.467,160001.0,sell
1501952413,1.0,160001.0,sell
1501953171,0.3178,160001.0,sell
1501953172,0.644112,160001.0,sell
1501953740,0.0367,160903.0,buy
1501953740,0.211897,160904.0,buy
1501954703,0.200061465,160904.0,buy
1501954773,2.003841535,160904.0,buy
1501954773,0.5,161000.0,buy
1501954773,2.496158465,161000.0,buy
1501955350,2.5,160001.0,sell
1501955350,0.035,160000.0,sell
1501955350,1.4321,159500.0,sell
1501955385,0.3591,159500.0,sell
1501955485,5.928,161000.0,buy
1501955641,0.2238,159304.37,sell
1501955693,1.66823447,159304.37,sell
1501955693,0.83176553,159101.42,sell
1501956199,4.1535e-05,161000.0,buy
1501957859,0.0134,162480.64,sell
1501961697,0.0347,164000.0,buy
1501961697,1.981429032,164500.0,buy
1501962414,1.2186,164849.0,buy
1501962414,0.1394,164899.0,buy
1501962650,0.485633969,163010.42,sell
1501962650,0.514366031,162865.08,sell
1501962668,0.995,162865.08,sell
1501966037,0.2,158505.42,sell
1501966037,3.4,157111.0,sell
1501966037,1.04,157110.0,sell
1501966037,2.62,157100.0,sell
1501966425,3.3813,163999.0,buy
1501966425,1.636903537,164000.0,buy
1501968696,1.0343,157102.0,sell
1501972493,0.062416999,160275.08,sell
1501972493,0.136183001,157102.0,sell
1501976188,0.7021,160265.33,sell
1501976591,1.96,160375.94,sell
1501977869,0.196746728,162000.0,buy
1501981606,3.0,158500.0,sell
1501981606,3.6296,158000.0,sell
1501982437,2.3443,164899.0,buy
1501982468,0.0001,164899.0,buy
1501982468,4.99,165001.0,buy
1501985286,0.058858152,169900.0,buy
1501987640,0.1636,166091.0,sell
1501993005,0.585,166091.0,sell
1501993739,1.62,166091.0,sell
1501993760,0.0314,166091.0,sell
1501993760,0.02,166090.0,sell
1501993760,0.0086,165001.0,sell
1502036474,0.1921,169000.0,buy
1502036474,0.095198387,169750.0,buy
1502037982,0.03,168000.0,buy
1502038858,2.8433,168000.0,buy
1502039563,0.006926656,168015.41,sell
1502039563,0.3,165305.1,sell
1502039563,2.0,162001.0,sell
1502039563,1.41126,162000.0,sell
1502039563,1.281813344,160001.0,sell
1502039628,0.3,165294.92,sell
1502039628,0.093186656,160001.0,sell
1502039628,0.606813344,159001.0,sell
1502039751,0.3,165284.75,sell
1502039751,0.7,159001.0,sell
1502039878,0.003456425,168351.65,sell
1502039878,0.3,165535.04,sell
1502039956,6.593186656,159001.0,sell
1502039956,0.7678,158100.0,sell
1502039956,0.300358,157500.0,sell
1502039957,2.338655344,157100.0,sell
1502039960,0.3,161000.0,buy
1502040042,0.3,161000.0,buy
1502040126,0.3,161000.0,buy
1502040328,8.796543575,161000.0,buy
1502040338,0.010724382,169800.0,buy
1502041503,0.2987,164900.0,buy
1502041503,0.101396182,165000.0,buy
1502042724,0.303030303,165000.0,buy
1502043107,9.595573515,165000.0,buy
1502043107,0.404426485,169800.0,buy
1502044785,0.001730457,168134.73,sell
1502045617,8.0,166000.0,buy
1502049668,4.151,166000.0,buy
1502050392,1.81,166000.0,buy
1502052081,0.342277108,166000.0,buy
1502053661,0.02,166000.0,buy
1502053903,0.045180723,166000.0,buy
1502053998,0.02,166000.0,buy
1502054929,0.609811712,166000.0,buy
1502054929,4.662948288,169799.0,buy
1502055795,0.999999155,172001.0,buy
1502055805,8.45e-07,172001.0,buy
1502055805,4.999999155,173000.0,buy
1502055819,1.5816,173000.0,buy
1502055833,8.45e-07,173000.0,buy
1502055833,0.824803636,173001.0,buy
1502058146,10.0,173000.0,buy
1502058187,0.1751,173001.0,buy
1502058203,9.6364e-05,173001.0,buy
1502058203,1.099903636,173400.0,buy
1502058276,9.6364e-05,173400.0,buy
1502058276,0.287903636,174000.0,buy
1502061480,0.3,174000.0,buy
1502061540,0.3,174000.0,buy
1502064269,0.013,171000.0,sell
1502064393,1.78,168900.0,sell
1502067557,0.5,173990.0,buy
1502067653,0.5,173990.0,buy
1502069798,7.0,168400.0,sell
1502070156,8.1,164011.0,sell
1502071868,1.023261763,171999.0,buy
1502071900,0.068267839,171999.0,buy
1502073791,0.0203,161999.0,sell
1502073791,0.2028,161900.0,sell
1502074318,0.5316,161900.0,sell
1502077767,1.0,161900.0,sell
1502077791,0.2656,161900.0,sell
1502077791,0.7344,161001.0,sell
1502078672,1.0,161001.0,sell
1502078698,0.6656,161001.0,sell
1502078698,0.3344,161000.0,sell
1502078713,1.0,161000.0,sell
1502078733,1.0,161001.0,sell
1502078749,0.5456,161000.0,sell
1502078749,0.4544,161000.0,sell
1502078768,0.4366,161000.0,sell
1502078768,0.2002,161000.0,sell
1502078768,1.3632,160000.0,sell
1502082950,2.060035315,169900.0,buy
1502087209,1.177163037,169900.0,buy
1502090483,7.846801648,169900.0,buy
1502090483,19.999998352,170000.0,buy
1502105567,0.116346713,171900.0,buy
1502105650,0.228653287,171900.0,buy
1502105650,2.601346713,171997.0,buy
1502106973,0.32,171997.0,buy
1502107933,1.453513724,171997.0,buy
1502108114,0.290702745,171997.0,buy
1502109086,2.2983,171997.0,buy
1502110149,0.05814,171998.0,buy
1502110450,0.255816928,171998.0,buy
1502112519,0.835643072,171998.0,buy
1502112519,1.112096364,174000.0,buy
1502112519,1.052260564,174003.0,buy
1502112944,0.743339436,174003.0,buy
1502112944,0.008979111,174030.0,buy
1502113162,0.015170889,174030.0,buy
1502113162,0.270630579,174998.0,buy
1502113558,2.113769421,174998.0,buy
1502113558,0.0576,174999.0,buy
1502113558,0.35,175000.0,buy
1502113558,0.335797943,175000.0,buy
1502114143,0.2017,175000.0,buy
1502114694,0.057142857,175000.0,buy
1502115683,0.202097143,175000.0,buy
1502116137,0.560262057,175000.0,buy
1502116137,5.124739432,176000.0,buy
1502116292,0.568181818,176000.0,buy
1502116339,6.42997875,176000.0,buy
1502117024,0.02,177000.0,buy
1502117024,0.02,179090.0,buy
1502117024,0.2389131,179471.95,buy
1502117268,0.0584,177706.01,sell
1502117849,0.057365723,179480.0,buy
1502118181,0.141534277,179480.0,buy
1502118181,10.0,179999.0,buy
1502118181,0.1989,180000.0,buy
1502118181,0.771141278,180000.0,buy
1502118703,1.008064516,180000.0,buy
1502118774,0.100806451,180000.0,buy
1502118909,4.618987755,180000.0,buy
1502118909,1.486278625,180707.84,buy
1502119050,0.05541,180707.84,buy
1502119419,3.41450272,180660.75,buy
1502119419,1.424206956,180707.84,buy
1502119887,0.274725275,182000.0,buy
1502120198,0.025201612,182000.0,buy
1502120207,1.0117,180500.0,sell
1502120604,0.3,181900.0,buy
1502120849,0.550403225,181900.0,buy
1502120925,0.133596775,181900.0,buy
1502120925,0.141100805,181900.0,buy
1502120948,0.850899195,181900.0,buy
1502120948,0.797273113,182000.0,buy
1502120948,0.751608214,182270.52,buy
1502121083,0.170949506,182200.0,buy
1502122729,0.290352304,184500.0,buy
1502122924,0.99,180500.0,sell
1502123449,0.8168,180500.0,sell
1502123565,0.271666784,184049.0,buy
1502123586,0.5932,180500.0,sell
1502123586,3.4068,180500.0,sell
1502123693,0.3366,184000.0,buy
1502123693,0.368033216,184049.0,buy
1502123693,1.278532105,184050.0,buy
1502123707,0.162,184050.0,buy
1502123720,0.038033143,184050.0,buy
1502123789,0.0135,180500.0,sell
1502123789,0.02,180090.0,sell
1502123789,0.02,180000.0,sell
1502123789,6.11,180000.0,sell
1502123789,3.8365,180000.0,sell
1502123817,3.3732,180000.0,sell
1502123817,1.6218,179000.0,sell
1502124183,0.0792,179001.0,sell
1502124358,0.277771169,180000.0,buy
1502124514,0.0214,179990.0,buy
1502124514,0.250777419,180000.0,buy
1502124699,0.222222222,180000.0,buy
1502124727,1.75382919,180000.0,buy
1502125122,0.038747696,184500.0,buy
1502125122,0.042553117,184500.0,buy
1502125205,0.252016129,184500.0,buy
1502125408,0.205430754,184500.0,buy
1502125408,0.055,184999.0,buy
1502125408,1.8623,184999.0,buy
1502125408,0.039997027,185000.0,buy
1502125503,0.0976,184490.0,buy
1502125503,0.010777189,185000.0,buy
1502126093,0.345964647,184990.0,buy
1502126103,2.15698,179001.0,sell
1502126103,5.84302,179000.0,sell
1502126778,0.154,179000.0,sell
1502127063,0.00907258,181990.0,buy
1502127441,0.054948074,181990.0,buy
1502128720,0.549480747,181000.0,buy
1502128951,0.436,180990.0,buy
1502128951,0.664,181000.0,buy
1502129121,0.055,181000.0,buy
1502129471,0.035679558,181000.0,buy
1502129591,0.252016129,180990.0,buy
1502129633,0.247983871,180990.0,buy
1502129633,0.024193547,181000.0,buy
1502129650,0.276209677,181000.0,buy
1502129976,0.165725806,181000.0,buy
1502130198,0.276243094,181000.0,buy
1502130535,0.119267571,181000.0,buy
1502130535,0.155934041,182000.0,buy
1502130798,0.04,182000.0,buy
1502130837,0.274193548,182000.0,buy
1502130974,0.015,179000.0,sell
1502130974,0.18118,179000.0,sell
1502131144,1.49082109,178238.85,buy
1502131144,1.312434862,178506.2,buy
1502131484,1.8283434,177931.83,buy
1502131485,0.69181789,178198.72,buy
1502131819,2.88884051,178198.72,buy
1502131819,2.715998199,178615.25,buy
1502132569,0.225988701,177000.0,buy
1502132945,1.0,174584.02,sell
1502133379,2.3,174579.0,sell
1502133518,1.7352,174568.82,sell
1502133931,0.211693548,178224.24,buy
1502133997,0.201612903,178224.24,buy
1502134454,0.28054,178223.24,buy
1502134785,3.88066,178223.24,buy
1502134785,1.38414,178224.24,buy
1502135123,1.68654674,178795.75,buy
1502135123,3.27668616,179063.94,buy
1502135123,0.621444518,179266.0,buy
1502135479,0.05712,177000.0,sell
1502135479,0.70298,176205.67,sell
1502136262,0.446264211,179266.0,buy
1502137310,1.217291271,179266.0,buy
1502137310,4.25,180000.0,buy
1502137310,0.093898244,182000.0,buy
1502138063,0.5497526,181900.0,buy
1502139017,0.1,177730.56,buy
1502139195,1.5782,177730.56,buy
1502139321,1.85781841,175188.28,sell
1502139321,3.18918159,174925.89,sell
1502139400,1.7491,175500.36,sell
1502139439,7.464e-05,175500.36,sell
1502139439,0.22922536,174874.54,sell
1502139515,0.1564,177997.15,buy
1502139940,1.93014922,174868.75,sell
1502139940,0.99995078,173000.0,sell
1502140199,0.252016129,177431.82,buy
1502140335,4.922e-05,173000.0,sell
1502140335,0.98,172500.0,sell
1502140335,3.0,172221.0,sell
1502140335,2.9034319,172212.0,sell
1502140335,2.36621888,170000.0,sell
1502140835,0.281798383,177431.82,buy
1502140840,0.828487247,177431.82,buy
1502141257,0.0135,177431.82,buy
1502141257,0.098506048,177779.35,buy
1502141526,1.94226998,175198.52,sell
1502141526,0.79773002,170033.0,sell
1502142070,0.045,170055.0,sell
1502142203,1.77750743,177746.11,buy
1502142203,0.7463,177996.0,buy
1502142203,3.18885651,178012.72,buy
1502142203,3.306080168,178699.02,buy
1502143944,0.6133,175646.51,sell
1502145113,0.028082629,178046.01,buy
1502145691,3.12005822,178087.31,buy
1502145691,1.73101853,178311.71,buy
1502145691,8.18787873,178491.4,buy
1502145691,8.17694979,178707.88,buy
1502145691,1.23409473,179490.73,buy
1502146280,1.4309,175175.08,sell
1502146962,1.69644898,178574.65,buy
1502146962,0.30355102,178842.51,buy
1502147064,2.0,178842.51,buy
1502149432,0.0656,176706.72,sell
1502149498,0.036225027,179433.96,buy
1502149619,0.111461621,179433.96,buy
1502153904,0.34,177800.0,sell
1502154072,4.0,179000.0,buy
1502154639,0.279329609,179000.0,buy
1502154772,0.279329609,179000.0,buy
1502155579,9.75,177800.0,sell
1502155629,0.01,177800.0,sell
1502155629,1.78989379,176346.42,sell
1502155629,3.20010621,175902.54,sell
1502156458,1.008064516,178600.0,buy
1502158517,0.252016129,178599.0,buy
1502158955,0.11198271,178599.0,buy
1502159782,0.252016129,178599.0,buy
1502161188,1.1,177525.97,sell
1502165758,0.176585032,178599.0,buy
1502165758,0.223299048,178600.0,buy
1502181569,0.167973124,178600.0,buy
1502189131,0.095,178900.0,buy
1502193931,0.216802168,184500.0,buy
1502194350,1.043297832,184500.0,buy
1502194350,1.66580281,184937.97,buy
1502194350,0.0567,184999.0,buy
1502194350,2.624199358,185715.37,buy
1502194755,1.73461949,185547.08,buy
1502194755,3.22738953,185825.4,buy
1502194755,0.41799098,186455.43,buy
1502196779,0.6022,187000.0,buy
1502196814,0.0001,187000.0,buy
1502196814,1.066208005,187563.12,buy
1502196847,0.5547,187563.12,buy
1502197320,0.05,187137.0,sell
1502197503,1.71763041,187797.3,buy
1502197503,0.28236959,188078.99,buy
1502197595,3.16532625,188078.99,buy
1502197595,8.14677104,188389.03,buy
1502197595,1.779544199,188866.52,buy
1502197638,3.165,188866.52,buy
1502197696,3.0,188866.52,buy
1502197727,0.570606531,188866.52,buy
1502197818,0.689393469,188867.0,sell
1502198114,1.059880561,188798.47,buy
1502198114,2.99020307,189081.66,buy
1502198114,0.02,189096.0,buy
1502198114,0.2329,189520.0,buy
1502198114,0.7628,189720.0,buy
1502198114,1.834216369,189754.59,buy
1502198621,0.1,189990.0,buy
1502198621,0.95,190101.75,buy
1502199175,1.73907224,190896.03,buy
1502199175,1.76092776,190929.79,buy
1502199189,0.094275493,190929.79,buy
1502199699,1.04993518,190487.95,buy
1502200577,0.151209677,190990.0,buy
1502200944,0.261793811,190990.0,buy
1502200952,0.036592741,190990.0,buy
1502201484,0.001,189400.0,sell
1502202988,0.005235876,190990.0,buy
1502203098,0.005241935,190990.0,buy
1502203189,0.003665113,190990.0,buy
1502203248,0.495574007,190990.0,buy
1502203248,0.02,190990.0,buy
1502203248,0.21438743,191000.0,buy
1502203248,0.782135336,191233.6,buy
1502204090,0.2782,189900.0,sell
1502204243,0.273747859,191449.15,buy
1502204493,0.020833333,192000.0,buy
1502204495,0.5208,192000.0,buy
1502204666,1.008064516,191810.43,buy
1502204994,0.595,191810.43,buy
1502205284,1.67109057,191819.61,buy
1502205284,0.458366667,192000.0,buy
1502205520,0.253911881,192098.14,buy
1502205653,0.005241935,191822.28,buy
1502205797,1.621701815,191822.28,buy
1502205797,0.878298185,192098.14,buy
1502206415,1.1,191823.75,buy
1502206479,0.61,191823.75,buy
1502206561,1.1,191880.86,buy
1502206581,1.03,191880.0,sell
1502206581,2.97,190500.0,sell
1502206648,0.521156722,191880.86,buy
1502206659,0.019330938,191880.86,buy
1502206659,2.980669062,192168.68,buy
1502206727,0.195561558,192168.68,buy
1502206727,0.326414247,193152.95,buy
1502206833,0.414422871,193152.95,buy
1502207159,1.60975311,192978.67,buy
1502207159,2.8846,193212.0,buy
1502207159,1.50564689,193268.13,buy
1502207168,1.40341388,193268.13,buy
1502207168,1.9861,193858.0,buy
1502207168,2.804827704,193859.84,buy
1502207172,4.0,193859.84,buy
1502207222,0.232126468,193859.84,buy
1502207305,0.875281728,193859.84,buy
1502207305,1.124718272,193983.88,buy
1502207376,0.051550675,193983.88,buy
1502207439,0.051550675,193983.88,buy
1502207537,0.033698385,192887.58,buy
1502207722,1.767497125,192887.58,buy
1502207722,1.341112875,193176.91,buy
1502207775,0.388247,193176.91,buy
1502207849,0.252016129,193176.91,buy
1502207957,1.213733476,193176.91,buy
1502207957,5.786266524,193773.85,buy
1502208001,0.080563947,192693.91,buy
1502208230,2.7998,195000.0,buy
1502208454,0.1837,195000.0,buy
1502208454,0.3929,200000.0,buy
1502208454,0.0197,200000.0,buy
1502208454,1.0,205000.0,buy
1502208454,0.5,210000.0,buy
1502208454,0.1,219998.0,buy
1502208454,0.220705333,225000.0,buy
1502208660,0.0236,225000.0,buy
1502208660,0.3753,225000.0,buy
1502208764,1.79397253,192726.07,buy
1502208764,2.956278,193015.15,buy
1502208764,2.41974947,193474.01,buy
1502208774,1.0,192500.0,sell
1502208774,0.05,192000.0,sell
1502208774,0.054,191020.0,sell
1502208774,2.1,191010.0,sell
1502208774,0.26315789,190000.0,sell
1502208774,0.50084211,189900.0,sell
1502209135,3.021148036,193474.01,buy
1502209289,0.686160015,218607.9,buy
1502209569,0.051,191818.45,buy
1502209661,1.017107583,191818.45,buy
1502209803,0.523469787,191818.45,buy
1502209803,0.778677957,192106.17,buy
1502210072,1.79241514,191805.41,buy
1502210072,0.22758486,192106.17,buy
1502210232,0.03,190000.0,sell
1502210232,0.9043,189950.0,sell
1502210483,0.238095238,210000.0,buy
1502210843,0.260716966,191778.85,buy
1502211052,0.252016129,191778.85,buy
1502211123,0.777,191778.85,buy
1502211419,0.260690473,191798.34,buy
1502211483,1.366751427,191798.34,buy
1502211483,0.662248573,192086.03,buy
1502211642,0.260300033,192086.03,buy
1502212448,1.66863246,191805.3,buy
1502212448,2.90354741,192093.0,buy
1502212448,0.634305851,192645.74,buy
1502212757,0.260691044,191797.92,buy
1502212815,1.041666666,191797.92,buy
1502213255,1.008064516,191802.99,buy
1502213339,0.260684,191802.99,buy
1502213858,1.3367,189951.0,sell
1502214240,0.260674775,191809.89,buy
1502214465,0.0422,191809.89,buy
1502214728,1.294585935,191809.89,buy
1502214728,0.269062447,192095.22,buy
1502216531,0.5169,189990.0,sell
1502216995,0.507839982,191832.08,buy
1502217012,1.048130228,191832.08,buy
1502217012,2.9105433,192110.04,buy
1502217012,7.56160081,192517.32,buy
1502217012,7.59350465,193216.17,buy
1502217012,6.816221012,193621.86,buy
1502217691,0.5,191821.3,buy
1502217872,0.26065927,191821.3,buy
1502218124,0.9487,191821.3,buy
1502218250,0.260666785,191815.77,buy
1502218273,1.441,191815.77,buy
1502218527,4.3285e-05,191815.77,buy
1502218527,2.93017464,192109.03,buy
1502218527,2.069782075,192842.59,buy
1502218535,2.0,192842.59,buy
1502218603,0.10371153,192842.59,buy
1502219280,0.41,191846.7,buy
1502220316,0.25,191846.7,buy
1502220413,1.1506,191846.7,buy
1502220496,6.367e-05,191846.7,buy
1502220496,0.260170858,192134.47,buy
1502220684,0.252016129,192134.47,buy
1502220705,1.4595,192134.47,buy
1502221257,0.214,192574.99,buy
1502221344,0.769,192574.99,buy
1502222315,1.5,192935.41,buy
1502222576,0.0083,192001.0,sell
1502222663,2.626,190000.0,sell
1502222676,1.80221691,189999.0,buy
